2300 3600
204 381 497 443 muretensem.
520 386 577 443 tx.
749 388 805 460 ,ες

141 474 190 534 aut
203 477 312 535 tantum
317 481 417 605 potuit
431 481 552 551 perserre
565 480 709 533 dolorem:
737 480 740 485 '

132 552 242 620 (adsum
255 554 303 621 qui
329 553 386 620 eei)
406 552 434 605 in
444 570 487 605 me
498 553 651 606 convertite
664 550 781 619 serrum,

130 628 135 675 l
152 640 213 675 mea
226 623 302 675 fraus
312 624 420 690 omnis3
437 624 507 675 nihil
519 624 565 676 iste
579 640 628 675 nec
638 622 732 688 ausus,

130 694 164 760 it3
184 693 289 746 coelum
299 694 352 746 hoc
367 695 393 747 sc
406 694 514 746 conscia
527 694 612 745 srdera
624 693 724 747 testor:
740 739 746 744 .

130 764 257 817 nselicem
271 764 386 816 nimium
399 764 501 817 dilexit
514 766 646 819 amicum.
746 778 801 831 430

130 848 152 887 :a
165 835 265 889 dabat:
285 835 331 887 sed
345 834 451 887 viribus
463 835 530 887 ensrs
543 835 658 887 adaelus

130 906 159 973 git
172 907 266 971 collas,
286 907 312 959 sc
325 905 443 958 candida
455 904 566 974 pestora
578 905 695 977 rumpit.

130 976 263 1046 Euryalus
276 975 363 1040 letho,
382 976 568 1046 pulchrosque
582 993 631 1046 per
642 988 718 1029 artus

133 1047 214 1114 inque
227 1048 357 1099 humeros
367 1046 461 1098 cervix
476 1046 597 1115 collapsa
608 1046 745 1101 recumbit
756 1066 764 1099 z

130 1117 604 1169 svelutichmllossuccisusaratro
730 1134 798 1185 -435

130 1201 146 1239 rt
159 1188 293 1254 nioriens3
314 1188 415 1240 lassove
449 1205 566 1257 apavera
582 1187 656 1240 collo

131 1271 226 1329 caput,
243 1258 342 1330 pluvial
354 1275 418 1311 curn
429 1206 500 1311 sorte
513 1270 673 1328 gravantur.

133 1330 188 1381 ruit
202 1330 229 1381 in
242 1330 357 1393 medios,
375 1328 519 1395 solumque
533 1345 583 1399 per
596 1337 690 1380 ornnes

130 1418 157 1451 m
171 1400 260 1469 petit:
281 1401 309 1451 in
322 1400 379 1453 solo
390 1399 537 1451 Volscenre
549 1411 682 1454 moratur.
745 1417 796 1467 439

130 1469 795 1539 :nmglomeratihosteshinceominusatquehinc

130 1553 157 1592 rt.
178 1541 255 1593 instat
265 1558 319 1592 non
330 1541 426 1606 secius,
445 1556 477 1592 ac
489 1551 561 1592 rorat
574 1539 666 1592 ensem

130 1630 174 1677 ηις
194 1612 280 1663 donec
292 1611 393 1666 Rutuli
406 1611 550 1664 clamantis
560 1612 587 1663 in
599 1628 646 1663 ore

130 1682 250 1747 advers0,
265 1684 290 1734 sc
301 1682 420 1734 moriens
428 1682 547 1735 animam
555 1681 667 1733 abstulit
677 1682 758 1735 hosti.

130 1770 148 1805 :r
159 1753 313 1806 exanimem
323 1752 378 1806 sese
386 1753 503 1824 projecit
516 1753 636 1806 amicum

130 1863 136 1888 ,
152 1823 315 1893 placidasque
327 1825 364 1876 ibi
378 1825 491 1877 demum
504 1836 592 1876 morte
603 1822 722 1890 quievit.
742 1838 795 1891 445

133 1896 225 1958 ambo,
240 1895 335 1962 siquid
349 1911 410 1947 mea
419 1895 539 1947 carmina
548 1894 669 1964 possunt,
715 1934 718 1940 r

130 2001 131 2010 r
142 1982 263 2032 unquam
273 1966 388 2017 memori
400 1981 451 2017 vos
461 1965 564 2018 eximet
575 1980 651 2018 aevo:

133 2035 273 2089 ns‘AEneae
285 2035 410 2105 Capitoli
421 2035 562 2091 immobile
573 2035 670 2087 saxum

130 2106 330 2175 imperiumque
339 2117 417 2175 pater
427 2107 569 2158 Romanus
577 2105 702 2160 habebit.

130 2177 243 2245 spraedel
254 2178 356 2228 Rutuli
370 2176 516 2246 spoliisque
528 2175 610 2245 potiti
740 2193 793 2246 450

130 2266 152 2298 m
167 2248 326 2298 exanimum
339 2247 435 2298 flentes
448 2247 475 2298 in
486 2247 569 2298 castra
582 2246 717 2302 serebant.

130 2335 134 2344 ·
144 2319 170 2370 in
180 2318 271 2369 castris
281 2317 385 2383 ruerus,
403 2319 558 2370 Rhamnete
569 2330 678 2386 reperto

146 2390 171 2440 δι
182 2388 277 2458 primis
288 2387 343 2439 unt
353 2401 394 2440 tot
404 2389 480 2441 caede
489 2389 649 2459 peremptis,

132 2477 146 2510 e
156 2457 314 2525 Num‘lque.
326 2459 431 2529 ingens
441 2459 589 2511 concursus
599 2459 633 2511 ad
644 2459 703 2530 ipsa

132 2530 323 2596 'eminecesque
334 2530 417 2594 viros,
430 2528 580 2599 tepidaque
590 2541 728 2589 recentem
739 2548 792 2601 455

130 2618 175 2664 tm,
192 2602 217 2651 Sc
229 2601 325 2669 plenos
338 2600 475 2669 spumanti
489 2600 619 2670 sanguine
632 2601 717 2659 rivos.

130 2685 136 2722 t
148 2671 234 2741 spolia
247 2671 317 2721 inter
327 2670 351 2721 se
362 2671 523 2740 galeamque
535 2673 667 2725 nitentem

130 2744 147 2792 §a
159 2741 248 2794 multo
263 2740 388 2810 phaleras
402 2741 498 2792 sudore
512 2753 647 2812 receptas.

130 2813 214 2881 prima
224 2828 297 2863 novo
308 2811 451 2881 spargebat
462 2812 565 2864 lumine
578 2813 662 2865 terras

130 2899 230 2935 'eccum
241 2882 366 2949 linquens
376 2887 487 2936 Aurora
497 2883 605 2935 cubile:
737 2884 792 2948 460

130 2954 212 3018 tl'uso,
227 2954 284 3018 jam
294 2953 377 3005 rebus
388 2952 449 3004 luce
460 2954 582 3018 mestis,

130 3022 676 3095 armaviros,armiscircumtlatusiple,

130 3095 269 3163 eratasque
279 3095 356 3151 acies
366 3096 398 3152 in
407 3095 609 3172 proel‘tacogtt
756 3153 765 3165 ,

324 3172 352 3226 A
368 3187 388 3225 a
708 3149 854 3229 QQ‘
