2300 3600
410 303 799 401 AENE1D68LIB.vl11.
954 366 1006 418 24⁷

169 430 293 510 Efferat
313 433 345 492 dt
356 436 442 509 capiti
454 436 538 509 ipfius
549 437 698 508 generique
709 437 859 492 reservent.

170 505 302 563 Mortua
314 508 381 577 quin
393 507 476 562 etiam
486 508 623 579 jungebat
635 525 750 580 corpora
763 508 847 574 vivis,
949 514 982 576 48
987 526 1003 579 ς

170 578 550 650 Componensmanibusque
558 596 655 632 manus
663 591 746 647 atque
754 579 849 632 oribus
859 595 917 650 ora,

166 646 329 703 Tormenti
341 665 443 720 genus;
466 651 493 703 st
506 648 578 703 sanie
591 649 711 719 taboque
725 650 843 704 fluentes

167 719 344 792 Complexu
356 720 384 773 in
396 720 494 773 misero
506 719 589 774 lonas
602 720 636 773 stc
648 730 736 774 morte
746 721 874 777 necabat.

165 791 218 845 At
230 790 289 844 feffi
303 789 414 845 tandem
426 791 502 843 cives
514 766 627 844 inliinda
640 789 777 845 furentem

166 861 292 915 Armati
304 860 502 915 circumsistunt
514 860 661 932 ipsumque
671 862 841 931 domumque
853 882 861 918 t
946 880 997 936 490

166 933 356 985 obtruncant
369 931 466 997 socios,
480 932 571 1002 ignem
580 932 616 984 ad
629 930 688 984 salli
711 932 735 985 ia
744 931 861 998 jasla'nt.

163 1001 230 1058 Ille
245 1002 317 1056 inter
330 1002 420 1055 caedes
434 1002 608 1055 Rutulorum
619 1001 663 1055 ela
685 948 729 1055 sits
742 1003 770 1055 in
782 1021 863 1073 agros

165 1072 348 1143 Confugere,
370 1074 394 1126 dr
409 1072 500 1125 Turni
513 1072 657 1126 defendier
664 1021 784 1155 itospitis
796 1076 890 1131 armis.

161 1141 253 1214 Ergo
265 1142 355 1197 omnis
368 1142 447 1196 furiis
460 1143 577 1197 surrexit
589 1144 701 1197 Etruria
710 1144 806 1209 justis:

163 1213 284 1285 Regem
296 1214 331 1266 ad
344 1212 513 1284 suppliciunt
545 1213 653 1267 raesenti
663 1216 756 1267 Marte
765 1214 923 1285 reposcunt.
944 1235 996 1290 495

165 1284 228 1341 His
241 1300 295 1355 ego
308 1295 346 1349 te,
359 1286 462 1350 ’AEnea,
478 1284 517 1337 du
547 1300 623 1337 orem
636 1284 763 1337 millibus
774 1285 886 1339 addam.

163 1356 253 1411 Toto
267 1370 384 1423 namque
393 1354 514 1408 fremunt
526 1354 670 1407 condensae
684 1354 763 1408 litore
778 1373 815 1425 pu
839 1372 904 1427 pesg

165 1426 316 1496 Signaque
330 1424 400 1477 serre
409 1425 525 1492 jubent:
547 1424 646 1478 retinet
659 1425 806 1495 longaevus
818 1373 959 1498 iiaruspex

165 1498 245 1551 Fata
257 1511 373 1549 caneus:
397 1496 421 1549 0
434 1497 564 1549 Maeoniae
578 1494 685 1548 delesla
694 1497 840 1562 juventus,

165 1568 242 1622 Flos
252 1578 380 1619 veterum
389 1566 531 1634 virtusque
542 1567 644 1632 virum,
658 1583 726 1634 quos
733 1567 822 1632 justus
835 1567 862 1619 in
873 1567 977 1623 hostem

167 1640 241 1693 Fert
254 1636 345 1702 dolor,
361 1639 387 1690 δι
399 1635 497 1690 meriti
509 1636 635 1690 accendit
649 1638 810 1690 Mezentius
822 1637 881 1707 irtq
941 1656 991 1709 ⁵⁰¹

165 1707 256 1763 Nulli
271 1706 313 1760 sas
326 1708 397 1761 ltalo
411 1720 515 1760 tantam
528 1707 628 1774 subjun
666 1725 694 1760 re
707 1718 832 1778 gentem:

167 1780 316 1836 Externos
327 1789 421 1850 optate
434 1780 529 1832 duces.
549 1790 612 1831 tum
622 1723 738 1832 {temsca
747 1778 848 1833 resedit

167 1854 237 1907 Hoc
248 1849 321 1902 acies
331 1866 439 1921 campo,
454 1849 566 1902 monitis
580 1851 712 1902 exterrita
721 1849 831 1905 divllm.

168 1920 237 1992 Ipse
250 1930 371 1974 oratores
384 1920 418 1973 ad
432 1937 475 1972 me
488 1920 619 1990 regnique
633 1937 762 1973 coronam
825 1974 831 1981 ,
941 1939 991 1992 505

167 1993 250 2047 Cum
261 1990 368 2060 sceptro
379 1991 459 2056 misit,
475 1989 641 2058 mandatque
652 1991 764 2061 insignia
777 1991 919 2059 Tarchon,

166 2061 328 2118 succedam
340 2061 441 2127 castris,
455 2062 655 2130 Tyrrhenaque
669 2077 752 2130 regna
765 2062 909 2132 capessam.

167 2132 227 2186 Sed
238 2131 307 2184 mihi
321 2132 398 2185 tarda
408 2131 474 2202 gelu
488 2131 628 2199 saeclisque
638 2131 733 2184 effoeta
742 2129 867 2186 scitellus

166 2202 286 2273 Invidet
298 2200 455 2271 imperium,
471 2202 590 2270 seraeque
603 2201 638 2254 ad
652 2201 733 2267 sortia
747 2202 829 2255 vires.

165 2275 278 2328 Natum
288 2273 456 2338 exhortarer,
473 2273 499 2324 ni
510 2274 616 2325 mixtus
626 2284 711 2325 matre
724 2272 835 2325 Sabella
937 2291 990 2344 510

168 2345 245 2398 Hinc
259 2353 365 2414 partem
379 2343 474 2413 patriae
489 2343 618 2395 traheret.
640 2354 681 2408 tu,
701 2344 782 2409 cujus
797 2345 912 2398 &annis

167 2415 207 2469 Et
221 2415 315 2484 generi
329 2412 418 2466 fatum
431 2413 568 2484 indulget,
590 2429 672 2481 quem
685 2415 797 2466 numina
810 2415 938 2484 poscunt,

166 2485 330 2556 Ingredere,
342 2482 510 2537 &Teucrtlm
518 2496 601 2551 atque
609 2481 712 2536 ltalstm
723 2477 860 2539 sortillime
871 2487 984 2542 dudlorl

168 2558 255 2609 Hunc
268 2555 320 2607 tibi
356 2566 468 2607 raeterea
481 2554 541 2625 spes
556 2557 582 2608 dc
596 2555 691 2607 solatia
701 2555 783 2609 nostrl

167 2626 298 2680 Pallanta
310 2572 474 2696 atiiungam:
493 2626 542 2678 sub
556 2635 584 2678 te
597 2626 713 2678 tolerare
726 2627 851 2696 magistro
935 2645 986 2697 515

168 2696 319 2767 Militiam,
333 2697 358 2749 8ι
369 2713 452 2766 grave
462 2697 563 2750 Martis
572 2712 654 2766 opus,
669 2706 717 2749 tua
726 2713 834 2750 cernere
845 2697 918 2752 fasta

168 2767 334 2833 A·lsuelcat;
352 2767 450 2848 primis
464 2767 489 2818 dc
501 2779 528 2819 te
542 2767 658 2820 miretur
669 2767 703 2818 ab
714 2769 800 2822 annis.

168 2839 298 2893 Arcadas
311 2839 376 2890 huic
389 2837 495 2906 equites
508 2837 551 2889 bis
563 2847 676 2889 centum
688 2839 786 2890 robora
799 2839 882 2908 pubis

168 2907 256 2963 Les'ta
266 2908 356 2974 dabo,
372 2908 542 2975 totidemque
557 2907 606 2960 suo
620 2907 670 2961 tibi
683 2909 792 2961 nornine
805 2910 907 2962 Pallas.

206 2979 264 3032 Vix
274 2995 305 3030 ea
316 2977 393 3043 ,fatus
406 2990 478 3033 erat:
496 2977 640 3050 defixique
653 2995 703 3032 ora
711 2981 852 3033 tenebant
955 2992 1008 3036 ΞὩ

161 3051 271 3102 AEneas
283 3049 468 3109 Anchisiades
483 3053 511 3110 δι
524 3053 604 3144 lidus
612 3052 767 3119 Achates,
884 3108 1045 3164 mm&
