2300 3600
396 313 589 399 muninus
608 343 685 399 nra.
706 341 761 400 vt.
936 339 990 416 rt,

164 422 318 498 lusoribus
326 436 435 490 lethum
448 437 609 508 Androgei:
625 432 686 491 tum
696 436 815 509 p‘endere
825 438 922 509 peenas
951 450 985 491 ae

165 508 330 580 Cecropidae
340 506 401 574 julli
419 504 577 578 (miserum)
595 506 705 580 septena
717 510 864 578 quotannis

165 580 292 651 Corpora
303 587 447 647 natorum
463 581 511 632 slat
522 577 614 631 ductis
627 578 746 632 sortibus
755 594 841 634 urna:

166 650 272 703 Contra
284 649 356 702 elata
370 652 436 702 mari
450 650 596 721 respondet
610 648 717 703 Cnosia
730 649 834 704 tellusr
937 675 939 680 ·

164 712 220 774 Hi'c
235 720 357 773 crudelis
369 735 446 779 amor
457 724 540 787 tauri,
561 720 743 791 suppostaque
757 720 833 774 furto

163 788 309 862 Pasiphae,
324 792 500 860 mixtumque
513 806 612 862 genua,
630 790 775 862 prolesque
788 790 915 845 biformis
952 809 984 859 ²⁵

165 862 430 928 Minotaurusinest‚
440 863 555 915 Veneris
564 876 742 914 monumenta
752 862 894 917 nefande:

165 934 221 988 llic
236 934 316 986 labor
327 933 374 985 ille
387 934 498 999 domus,
518 934 544 990 u
558 932 759 985 inextricabilis
769 949 853 990 error.

166 1005 308 1073 Magnum
317 1004 422 1073 'reginae
436 1004 568 1057 sedenim
581 1004 725 1056 miseratus
734 1019 855 1057 amorem
941 1060 944 1064 ,

168 1075 314 1139 Daedalus,
333 1074 390 1143 ipse
400 1076 482 1127 ‚dolos
496 1074 562 1127 testi
575 1074 759 1145 ambagesque
771 1074 896 1144 resolvit,

167 1145 361 1215 Claecarepens
373 1146 420 1211 filo
433 1145 556 1216 vestigia.
575 1157 606 1198 tu
620 1162 730 1214 quoque
743 1161 871 1215 magnam
952 1153 986 1215 3'0

168 1217 278 1271 Partem
291 1229 374 1286 opere
387 1218 414 1269 in
427 1229 514 1282 tanto,
535 1218 630 1270 sineret
643 1216 735 1284 dolor,
756 1215 843 1282 scare,
857 1214 984 1296 haberet(

168 1288 344 1341 Bis.conatus
356 1300 413 1340 erat
427 1288 504 1341 casus
517 1288 644 1358 effingere
657 1289 685 1339 in
697 1299 782 1339 auror
1031 1283 1040 1303 ‘

169 1358 215 1411 Bis
229 1358 326 1428 patriae
339 1359 463 1411 cecidere
477 1374 584 1412 manus¹
602 1359 669 1426 quin
682 1358 808 1427 protinus
816 1358 909 1411 omnia

169 1426 344 1498 Perlegerent
358 1430 457 1493 oculis,
474 1428 503 1481 ni
514 1430 572 1494 jam
586 1428 739 1500 praemissus
752 1428 876 1482 Achates

168 1501 291 1564 Afforet,
306 1511 388 1568 atque
402 1502 456 1554 und
467 1499 568 1553 Phoebi
581 1501 608 1553 T
610 1501 744 1567 riviaeque
757 1499 882 1552 sacerdos
956 1515 987 1569 35

168 1570 319 1641 Deiphobe
333 1571 453 1637 Glauci;
474 1571 549 1624 satur
560 1587 625 1638 quae
637 1570 704 1623 talia
716 1571 790 1641 regi:

167 1641 232 1697 Non
243 1641 295 1694 hoc
309 1640 355 1698 isla
368 1642 416 1696 srbi
431 1655 541 1712 tempus
555 1640 713 1711 spectacula
725 1642 825 1713 poscit.

168 1712 252 1766 Nunc
265 1719 346 1783 grege
359 1713 394 1765 de
405 1712 507 1766 innuo
521 1713 626 1782 septem
638 1711 758 1766 mactare
767 1714 904 1779 juvencos

168 1782 338 1851 Praesliterit,
350 1784 467 1838 totidem
482 1782 566 1837 lebias
579 1785 614 1836 de
627 1801 701 1838 more
713 1783 850 1840 bidentes.

202 1854 326 1909 Talibus
336 1855 421 1908 affata
434 1858 543 1909 AEnean
563 1859 626 1925 (nec
640 1857 714 1909 sacra
726 1867 869 1910 morantur
953 1868 989 1923 4ο

166 1924 247 1993 Jussa
256 1927 324 1995 viri)
342 1928 469 1980 Teucros
479 1940 561 1982 vocat
571 1925 628 1978 alta
641 1927 668 1978 in
678 1927 783 1999 templa
796 1926 932 1982 sacerdos.

166 1997 304 2051 Excisum
317 1997 450 2050 Euboicae
465 1998 537 2067 latus
550 1999 646 2067 ingens
658 1999 736 2068 rupis
748 1999 776 2051 in
788 2008 914 2054 antrum:

168 2068 236 2140 Qb
249 2069 298 2121 lati
310 2069 418 2123 ducunt
431 2069 523 2121 aditus
535 2081 659 2134 centum,
678 2069 744 2121 ostia
756 2081 887 2140 centum3

167 2137 251 2193 Unde
263 2151 349 2192 ruunt
362 2139 480 2192 totidem
492 2154 587 2204 voces,
607 2139 871 2210 responsaSibyllae.

166 2209 358 2264 Venturuerat
371 2211 406 2262 ad
420 2210 514 2275 limen,
530 2213 596 2263 cnm
609 2209 697 2281 pirgo,
716 2209 829 2265 Poscere
843 2211 900 2267 sata
954 2227 989 2281 45
1026 2254 1032 2261 .

166 2280 378 2352 Tempus,·ait:
401 2281 470 2334 deus
481 2294 557 2346 ecce,
574 2279 656 2334 deuel
673 2281 719 2333 cui
733 2280 882 2351 taliasanti

168 2354 247 2405 Ante
261 2352 333 2406 l'ores
346 2353 437 2405 subito
451 2366 504 2405 non
516 2353 625 2416 vultus,
642 2368 696 2404 non
708 2352 880 2418 colorunus,

166 2423 231 2476 Non
241 2437 361 2494 comptae
372 2423 492 2476 mansere
504 2438 611 2489 comae3
630 2421 676 2476 sed
690 2420 787 2493 pestus
799 2423 942 2494 anhelum,

167 2494 206 2546 Et
220 2493 296 2547 rabie
308 2494 364 2547 sera
373 2493 457 2547 corda
469 2505 596 2561 tument;
616 2494 760 2561 majorque
773 2494 873 2563 videri,
907 2507 909 2511 ’

166 2565 228 2619 Nec
241 2565 357 2617 mortale
370 2563 483 2630 sonans;
501 2565 591 2617 afflata
602 2560 640 2616 esi
653 2565 882 2632 numinequando
953 2585 988 2638 go

165 2635 230 2705 Jarn
244 2637 372 2707 propiore
385 2635 441 2689 dei.
463 2634 554 2687 Cessas
567 2633 594 2687 in
607 2645 673 2687 vota
685 2636 845 2705 precesque,

165 2708 253 2772 Tros,
267 2706 317 2772 ait,
332 2708 440 2760 AEneat
457 2704 557 2758 cessas?
575 2706 747 2773 nequeenim
760 2706 823 2762 ante
832 2708 975 2765 dehiscent

166 2775 309 2831 Attonitae
322 2793 420 2847 magna
431 2791 479 2830 ora
492 2774 603 2830 donn'is.
622 2777 648 2828 dc
663 2777 729 2830 talia
745 2777 802 2833 fata

166 2847 325 2902 Conticuit.
344 2849 455 2918 gelidus
467 2847 587 2901 Teucris
599 2863 649 2918 per
660 2847 729 2902 dura
740 2850 864 2904 cucurrit

166 2918 232 2974 Ossa
242 2927 355 2985 tremor,
370 2918 518 2987 funditque
528 2933 623 2989 preces
631 2934 679 2972 rex
691 2916 801 2989 pectore
811 2922 846 2974 ab
857 2923 924 2974 imo.
952 2937 986 2990 55

203 2990 323 3056 Phoebe,
335 3005 434 3062 grans
442 2990 538 3057 Trojae
549 2989 656 3062 semper
664 2991 793 3044 miserate
800 2991 932 3056 labores,

149 3061 293 3131 *Dardana
305 3060 355 3130 qiu·
363 3060 471 3118 Panos·
483 3062 590 3121 direxti
603 3061 665 3124 tela
675 3063 841 3132 manusque
911 3129 1041 3190 now
