2300 3600
620 271 634 297 Φ

200 378 251 414 220
396 362 428 422 Ρ.
448 349 625 419 vrnorirr
644 356 832 418 nunonis

197 453 277 509 Saev'a
290 455 368 523 Jovis
380 458 494 523 conjux,
511 457 643 525 aurasque
656 455 766 509 invedla
775 451 905 510 tenebarr

195 526 233 579 Et
247 528 344 581 laetum
355 530 474 594 AEnean,
488 527 652 595 clallemque
664 544 698 579 ex
713 527 816 580 aethere
828 526 914 597 longo
1009 571 1012 576 ,

197 597 366 652 Dardaniam
376 599 469 650 Siculo
481 599 625 679 prospexit
638 598 769 666 abusque
781 596 924 669 Pachyno.
992 665 994 670 Ι

196 669 294 721 Moliri
305 667 448 734 janrtena
459 670 549 735 videt,
562 670 621 734 jam
634 668 717 722 fidere
730 681 822 736 terrae,
958 677 1002 737 ²9⁰

197 740 348 792 Deleruirl'e
361 754 442 806 rates.
463 739 535 793 stetit
546 740 603 793 acri
616 739 672 793 fixa
684 737 779 792 dolore
792 759 801 805 ς

194 812 273 863 Turn
287 811 408 877 quallans
423 822 519 881 caput,
536 811 596 865 haec
609 808 728 864 effundit
740 808 852 881 pediore
865 798 956 864 didiae

190 883 260 935 Heu
274 883 381 950 stirpem
395 880 520 947 invilam,
537 882 562 934 dc
574 880 639 934 fatis
647 879 783 933 contraria
794 880 891 934 nostris

196 952 263 1004 Fara
279 952 433 1019 Plirygurul
451 968 518 1005 nuru
528 951 618 1022 Sigeis
629 949 794 1004 occumbere
807 950 925 1023 campis,

195 1023 270 1077 Num
284 1024 358 1092 capri
372 1035 487 1092 potuere
499 1022 581 1092 capi?
598 1038 666 1075 num
678 1021 786 1076 incensa
798 1021 933 1075 cremavit
959 1033 1001 1090 295

195 1093 282 1158 Troja
295 1095 386 1146 virosi
403 1092 506 1148 medias
518 1092 601 1157 acies,
616 1091 775 1161 mediosque
788 1091 929 1164 perignes

195 1161 330 1217 invenere
343 1164 436 1218 vlam?
455 1175 483 1215 at
502 1163 614 1232 (credo)
633 1179 694 1216 mea
707 1162 820 1217 numina
832 1162 946 1222 tandein

195 1234 270 1287 Feffa
281 1235 385 1301 jacent,
402 1234 474 1287 odiis
486 1245 534 1287 aut
546 1232 704 1288 exsaturata
715 1232 823 1302 quievi.

194 1304 368 1374 Quinetiam
381 1304 469 1378 patria
481 1304 607 1359 excullos
619 1302 714 1358 infesta
726 1320 776 1376 per
784 1303 874 1359 undas

194 1376 274 1431 Ausa
287 1376 373 1446 sequi,
389 1377 414 1429 dc
429 1375 555 1447 profugis
568 1387 628 1428 toto
641 1392 684 1428 me
697 1391 837 1447 opponere
888 1384 947 1431 nto.
960 1386 1002 1447 ³⁰⁰

194 1447 363 1520 Absumptae
374 1448 401 1499 in
410 1448 536 1502 Teucros
547 1445 621 1499 vires
634 1446 755 1515 coelique
768 1445 835 1499 mari
850 1462 916 1514 que.

195 1518 274 1587 Qrid
287 1522 389 1588 Syrtes,
403 1530 451 1571 aut
463 1515 556 1587 Scylla
564 1516 645 1583 mihi,
659 1518 726 1586 quid
736 1516 811 1571 valia
820 1513 977 1590 charybdin

194 1589 322 1644 Proluit?
339 1600 436 1659 optato
448 1589 607 1642 conduntur
618 1587 753 1657 Tybridis
764 1587 858 1653 alveo,

195 1660 291 1712 Securi
305 1660 396 1731 pelagi
409 1672 492 1727 atque
504 1658 569 1712 mei.
599 1661 679 1715 Mars
692 1658 805 1731 perdere
818 1670 934 1731 gentem

195 1731 349 1785 Imnianem
359 1727 511 1802 Lapithum
522 1728 630 1784 valuit:
650 1728 776 1785 concellu
789 1730 818 1783 in
831 1729 886 1785 iras
961 1736 1003 1799 3⁰5

195 1803 257 1873 Iple
268 1801 352 1855 uelim
363 1804 504 1870 antiquam
512 1800 621 1871 genitor
631 1801 775 1872 Calydona
784 1786 900 1859 Dianae:
920 1798 1001 1872 [tenl

196 1874 281 1942 Qod
291 1872 1003 1953 leelusautLapithastautum,autCalydorian1ereu·

194 1944 245 1997 Ast
259 1962 310 2013 ego
324 1961 422 2012 magna
434 1944 514 2010 Jovrs
526 1943 630 2010 conjux
645 1943 682 1997 nil
696 1944 819 2012 linquere
833 1944 960 1999 inausum

195 2017 268 2083 Qae
284 2017 362 2084 potui
376 2014 485 2080 infelix,
504 2031 567 2082 quae
581 2025 683 2068 meruet
693 2015 722 2069 in
734 2017 827 2068 omnia
839 2013 925 2084 verti,

194 2086 297 2138 Vincor
309 2086 344 2137 ab
355 2084 456 2140 llaned.
471 2085 546 2153 quod
557 2086 574 2139 sr
585 2103 646 2139 mea
656 2085 768 2143 numina
780 2103 834 2139 non
844 2085 909 2140 sunt
962 2097 1004 2153 310

194 2158 302 2226 Magna
315 2157 390 2222 latis,
404 2157 531 2212 dubitem
545 2157 621 2211 haud
633 2156 763 2226 equidem
775 2156 925 2231 implorare
937 2153 1003 2228 quod

263 2228 378 2294 usquam
388 2228 435 2280 est.
828 2276 836 2282 .

193 2297 317 2350 Fledlere
332 2299 349 2349 li
364 2315 469 2365 nequeo
482 2299 605 2368 superos,
623 2297 784 2352 Acheronta
796 2299 931 2357 movebo.

194 2369 257 2422 Non
270 2370 382 2422 dabitur
394 2369 484 2438 regnis
504 2370 587 2438 (esto)
606 2370 752 2440 prohibere
762 2370 882 2438 Latinis,

195 2441 290 2507 Atque
305 2440 418 2495 immota
431 2452 522 2493 manet
537 2440 600 2493 latis
615 2440 730 2494 Lavinia
743 2441 860 2506 conjux.

195 2513 236 2562 At
248 2510 454 2577 irrueruntque
464 2528 552 2563 moras
561 2511 643 2563 rantis
653 2511 717 2563 licet
728 2511 829 2563 addere
837 2510 938 2567 rebus:
961 2521 1002 2581 315

195 2583 236 2634 At
246 2581 312 2633 licet
324 2582 468 2633 amborum
483 2581 602 2652 populos
615 2582 772 2634 exscindere
786 2598 897 2652 regum.

194 2650 255 2704 lule
269 2663 446 2722 generatque
461 2652 534 2704 socer
547 2655 642 2705 codaut
656 2653 781 2705 mercede
796 2655 922 2709 luorum.

194 2725 331 2791 Sanguine
342 2723 464 2787 Trojano
479 2723 503 2774 dc
516 2723 634 2787 Rutulo,
649 2723 790 2788 dotabere‚
803 2724 903 2796 virgo:

193 2794 231 2846 Et
245 2794 358 2846 Bellona
368 2806 458 2845 manet
472 2805 498 2845 te
513 2795 648 2862 pronuba.
667 2810 715 2845 nee
730 2794 789 2847 lace
804 2798 915 2850 tantum

193 2865 300 2916 Cill'aei's
314 2881 456 2933 praegnans
470 2864 543 2933 ignes
556 2865 638 2916 enixa
649 2865 777 2935 jugales;
959 2874 1001 2934 320

191 2935 268 3007 Qun
281 2936 356 2987 idern
369 2935 465 2986 Veneri
481 2946 575 3005 partus
589 2935 664 3001 suus,
680 2937 704 2988 de
720 2935 793 2988 Paris
806 2936 888 3002 alter,

172 3007 366 3079 Funesraeque
380 3007 484 3063 iterum
497 3005 624 3061 recidiva
634 3006 664 3060 in
673 3007 806 3077 Pergama
817 3008 911 3061 taedae.

201 3085 278 3136 Haec
296 3084 347 3140 nbi
362 3083 444 3139 die‘la
458 3083 556 3151 dedit,
573 3094 664 3136 terras
672 3077 813 3134 horrenda
821 3078 942 3146 μῶλυ

146 3147 336 3214 ζυέέίῆεαη]
347 3160 469 3219 Aledio
479 3159 628 3220 Diraruin
641 3153 679 3209 ab
692 3151 761 3207 lede
771 3149 901 3204 lotorum
