<?xml version="1.0" encoding="UTF-8"?>
<!DOCTYPE html PUBLIC "-//W3C//DTD XHTML 1.0 Transitional//EN"
    "http://www.w3.org/TR/xhtml1/DTD/xhtml1-transitional.dtd">
<html xmlns="http://www.w3.org/1999/xhtml" xml:lang="en" lang="en">
 <head>
  <title>
</title>
<meta http-equiv="Content-Type" content="text/html;charset=utf-8" />
  <meta name='ocr-system' content='tesseract 3.04.00' />
  <meta name='ocr-capabilities' content='ocr_page ocr_carea ocr_par ocr_line ocrx_word'/>
</head>
<body>
  <div class='ocr_page' id='page_1' title='image "./pvirgiliimaroni02marogoog/pvirgiliimaroni02marogoog_0206.png"; bbox 0 0 2300 3600; ppageno 0'>
   <div class='ocr_carea' id='block_1_1' title="bbox 187 361 809 429">
    <p class='ocr_par' dir='ltr' id='par_1_1' title="bbox 187 361 809 429">
     <span class='ocr_line' id='line_1_1' title="bbox 187 361 809 429; baseline -0.005 -11"><span class='ocrx_word' id='word_1_1' title='bbox 187 379 259 429; x_wconf 65' lang='lat'><strong>114·</strong></span> <span class='ocrx_word' id='word_1_2' title='bbox 319 393 323 402; x_wconf 79' lang='grc'>·</span> <span class='ocrx_word' id='word_1_3' title='bbox 375 363 407 417; x_wconf 89' lang='grc' dir='ltr'><strong>Ρ.</strong></span> <span class='ocrx_word' id='word_1_4' title='bbox 428 361 604 417; x_wconf 84' lang='lat' dir='ltr'>VIRGILII</span> <span class='ocrx_word' id='word_1_5' title='bbox 624 361 809 416; x_wconf 73' lang='lat' dir='ltr'><strong>MAkottls</strong></span> 
     </span>
    </p>
   </div>
   <div class='ocr_carea' id='block_1_2' title="bbox 168 453 949 1584">
    <p class='ocr_par' dir='ltr' id='par_1_2' title="bbox 185 453 846 526">
     <span class='ocr_line' id='line_1_2' title="bbox 185 453 846 526; baseline -0.005 -16"><span class='ocrx_word' id='word_1_6' title='bbox 185 457 240 510; x_wconf 83' lang='lat' dir='ltr'><strong>Hic</strong></span> <span class='ocrx_word' id='word_1_7' title='bbox 250 453 362 523; x_wconf 83' lang='lat' dir='ltr'><strong>juvenis</strong></span> <span class='ocrx_word' id='word_1_8' title='bbox 370 458 428 522; x_wconf 89' lang='lat' dir='ltr'><strong>jam</strong></span> <span class='ocrx_word' id='word_1_9' title='bbox 438 455 527 510; x_wconf 67' lang='lat' dir='ltr'><strong>vietor</strong></span> <span class='ocrx_word' id='word_1_10' title='bbox 538 473 624 509; x_wconf 85' lang='lat' dir='ltr'><strong>ovans</strong></span> <span class='ocrx_word' id='word_1_11' title='bbox 635 456 748 526; x_wconf 86' lang='lat' dir='ltr'><strong>vestigia</strong></span> <span class='ocrx_word' id='word_1_12' title='bbox 760 454 846 526; x_wconf 77' lang='lat' dir='ltr'><strong>pretio</strong></span> 
     </span>
    </p>

    <p class='ocr_par' dir='ltr' id='par_1_3' title="bbox 185 525 881 597">
     <span class='ocr_line' id='line_1_3' title="bbox 185 525 881 597; baseline -0.001 -18"><span class='ocrx_word' id='word_1_13' title='bbox 185 528 269 580; x_wconf 86' lang='lat' dir='ltr'>Haud</span> <span class='ocrx_word' id='word_1_14' title='bbox 282 528 370 580; x_wconf 87' lang='lat' dir='ltr'><strong>tenuit</strong></span> <span class='ocrx_word' id='word_1_15' title='bbox 383 527 502 580; x_wconf 88' lang='lat' dir='ltr'><strong>titubata</strong></span> <span class='ocrx_word' id='word_1_16' title='bbox 515 527 590 595; x_wconf 83' lang='lat' dir='ltr'><strong>solo;</strong></span> <span class='ocrx_word' id='word_1_17' title='bbox 610 527 656 580; x_wconf 88' lang='lat' dir='ltr'><strong>sed</strong></span> <span class='ocrx_word' id='word_1_18' title='bbox 668 543 769 596; x_wconf 85' lang='lat' dir='ltr'><strong>pronus</strong></span> <span class='ocrx_word' id='word_1_19' title='bbox 782 527 809 578; x_wconf 92' lang='lat' dir='ltr'><strong>in</strong></span> <span class='ocrx_word' id='word_1_20' title='bbox 821 525 881 597; x_wconf 87' lang='lat' dir='ltr'><strong>ipso</strong></span> 
     </span>
    </p>

    <p class='ocr_par' dir='ltr' id='par_1_4' title="bbox 168 597 853 666">
     <span class='ocr_line' id='line_1_4' title="bbox 168 597 853 666; baseline 0.001 -17"><span class='ocrx_word' id='word_1_21' title='bbox 168 621 170 625; x_wconf 96' lang='lat'>·</span> <span class='ocrx_word' id='word_1_22' title='bbox 186 597 316 652; x_wconf 81' lang='lat' dir='ltr'>Concidit</span> <span class='ocrx_word' id='word_1_23' title='bbox 326 598 522 666; x_wconf 86' lang='lat' dir='ltr'><strong>immundoque</strong></span> <span class='ocrx_word' id='word_1_24' title='bbox 532 598 598 651; x_wconf 87' lang='lat' dir='ltr'><strong>fimo</strong></span> <span class='ocrx_word' id='word_1_25' title='bbox 608 597 736 665; x_wconf 82' lang='lat' dir='ltr'><strong>sacroque</strong></span> <span class='ocrx_word' id='word_1_26' title='bbox 746 613 853 650; x_wconf 87' lang='lat' dir='ltr'><strong>cruore.</strong></span> 
     </span>
    </p>

    <p class='ocr_par' dir='ltr' id='par_1_5' title="bbox 184 667 871 737">
     <span class='ocr_line' id='line_1_5' title="bbox 184 667 871 737; baseline 0.001 -18"><span class='ocrx_word' id='word_1_27' title='bbox 184 667 248 720; x_wconf 90' lang='lat' dir='ltr'><strong>Non</strong></span> <span class='ocrx_word' id='word_1_28' title='bbox 257 680 347 721; x_wconf 88' lang='lat' dir='ltr'><strong>tamen</strong></span> <span class='ocrx_word' id='word_1_29' title='bbox 358 669 482 737; x_wconf 85' lang='lat' dir='ltr'>Euryali,</span> <span class='ocrx_word' id='word_1_30' title='bbox 500 686 553 721; x_wconf 90' lang='lat' dir='ltr'><strong>non</strong></span> <span class='ocrx_word' id='word_1_31' title='bbox 563 669 611 722; x_wconf 91' lang='lat' dir='ltr'><strong>ille</strong></span> <span class='ocrx_word' id='word_1_32' title='bbox 621 668 725 721; x_wconf 88' lang='lat' dir='ltr'><strong>oblitus</strong></span> <span class='ocrx_word' id='word_1_33' title='bbox 732 684 871 721; x_wconf 82' lang='lat' dir='ltr'><strong>amorum:</strong></span> 
     </span>
    </p>

    <p class='ocr_par' dir='ltr' id='par_1_6' title="bbox 183 737 948 809">
     <span class='ocr_line' id='line_1_6' title="bbox 183 737 948 809; baseline 0.001 -19"><span class='ocrx_word' id='word_1_34' title='bbox 183 738 255 791; x_wconf 92' lang='lat' dir='ltr'><strong>Nam</strong></span> <span class='ocrx_word' id='word_1_35' title='bbox 267 738 320 791; x_wconf 86' lang='lat' dir='ltr'><strong>sese</strong></span> <span class='ocrx_word' id='word_1_36' title='bbox 331 739 460 809; x_wconf 89' lang='lat' dir='ltr'><strong>opposuit</strong></span> <span class='ocrx_word' id='word_1_37' title='bbox 471 737 544 792; x_wconf 86' lang='lat' dir='ltr'><strong>Salio</strong></span> <span class='ocrx_word' id='word_1_38' title='bbox 555 755 604 809; x_wconf 88' lang='lat' dir='ltr'><strong>per</strong></span> <span class='ocrx_word' id='word_1_39' title='bbox 613 738 719 792; x_wconf 90' lang='lat' dir='ltr'><strong>lubrica</strong></span> <span class='ocrx_word' id='word_1_40' title='bbox 730 738 859 808; x_wconf 78' lang='lat' dir='ltr'><strong>surgens3</strong></span> <span class='ocrx_word' id='word_1_41' title='bbox 947 795 948 800; x_wconf 52' lang='grc'>,</span> 
     </span>
    </p>

    <p class='ocr_par' dir='ltr' id='par_1_7' title="bbox 184 807 792 878">
     <span class='ocr_line' id='line_1_7' title="bbox 184 807 792 878; baseline 0.003 -18"><span class='ocrx_word' id='word_1_42' title='bbox 184 808 238 861; x_wconf 84' lang='lat' dir='ltr'><strong>Ille</strong></span> <span class='ocrx_word' id='word_1_43' title='bbox 250 819 343 862; x_wconf 87' lang='lat' dir='ltr'><strong>autern</strong></span> <span class='ocrx_word' id='word_1_44' title='bbox 353 808 436 878; x_wconf 66' lang='lat' dir='ltr'><strong>spissa</strong></span> <span class='ocrx_word' id='word_1_45' title='bbox 445 810 532 877; x_wconf 88' lang='lat' dir='ltr'><strong>jacuit</strong></span> <span class='ocrx_word' id='word_1_46' title='bbox 545 809 689 863; x_wconf 78' lang='lat' dir='ltr'><strong>revolutus</strong></span> <span class='ocrx_word' id='word_1_47' title='bbox 701 807 792 862; x_wconf 68' lang='lat' dir='ltr'><strong>arenti.</strong></span> 
     </span>
    </p>

    <p class='ocr_par' dir='ltr' id='par_1_8' title="bbox 185 878 814 949">
     <span class='ocr_line' id='line_1_8' title="bbox 185 878 814 949; baseline 0.002 -18"><span class='ocrx_word' id='word_1_48' title='bbox 185 879 295 933; x_wconf 84' lang='lat' dir='ltr'><strong>Emicat</strong></span> <span class='ocrx_word' id='word_1_49' title='bbox 304 878 451 949; x_wconf 83' lang='lat' dir='ltr'><strong>Euryalus,</strong></span> <span class='ocrx_word' id='word_1_50' title='bbox 473 883 499 933; x_wconf 77' lang='grc' dir='ltr'><strong>δι</strong></span> <span class='ocrx_word' id='word_1_51' title='bbox 512 896 623 934; x_wconf 88' lang='lat' dir='ltr'><strong>munere</strong></span> <span class='ocrx_word' id='word_1_52' title='bbox 636 878 814 933; x_wconf 69' lang='lat' dir='ltr'><strong>vitiosamici</strong></span> 
     </span>
    </p>

    <p class='ocr_par' dir='ltr' id='par_1_9' title="bbox 185 947 949 1021">
     <span class='ocr_line' id='line_1_9' title="bbox 185 947 949 1021; baseline 0.004 -20"><span class='ocrx_word' id='word_1_53' title='bbox 185 949 277 1002; x_wconf 89' lang='lat' dir='ltr'><strong>Prima</strong></span> <span class='ocrx_word' id='word_1_54' title='bbox 286 960 370 1016; x_wconf 86' lang='lat' dir='ltr'><strong>tenet,</strong></span> <span class='ocrx_word' id='word_1_55' title='bbox 387 950 541 1021; x_wconf 80' lang='lat' dir='ltr'><strong>pianstique</strong></span> <span class='ocrx_word' id='word_1_56' title='bbox 551 951 629 1004; x_wconf 87' lang='lat' dir='ltr'><strong>volat</strong></span> <span class='ocrx_word' id='word_1_57' title='bbox 642 947 809 1017; x_wconf 72' lang='lat' dir='ltr'><strong>{remittique</strong></span> <span class='ocrx_word' id='word_1_58' title='bbox 819 948 949 1004; x_wconf 87' lang='lat' dir='ltr'><strong>secundo.</strong></span> 
     </span>
    </p>

    <p class='ocr_par' dir='ltr' id='par_1_10' title="bbox 184 1019 948 1160">
     <span class='ocr_line' id='line_1_10' title="bbox 184 1019 916 1090; baseline 0 -17"><span class='ocrx_word' id='word_1_59' title='bbox 184 1019 245 1073; x_wconf 74' lang='lat' dir='ltr'><strong>Post</strong></span> <span class='ocrx_word' id='word_1_60' title='bbox 257 1020 390 1088; x_wconf 82' lang='lat' dir='ltr'>Helymus</span> <span class='ocrx_word' id='word_1_61' title='bbox 401 1021 484 1086; x_wconf 87' lang='lat' dir='ltr'><strong>subit,</strong></span> <span class='ocrx_word' id='word_1_62' title='bbox 498 1022 523 1074; x_wconf 76' lang='grc' dir='ltr'><strong>δι</strong></span> <span class='ocrx_word' id='word_1_63' title='bbox 535 1037 606 1073; x_wconf 89' lang='lat' dir='ltr'><strong>nunc</strong></span> <span class='ocrx_word' id='word_1_64' title='bbox 616 1022 696 1073; x_wconf 88' lang='lat' dir='ltr'><strong>tertia</strong></span> <span class='ocrx_word' id='word_1_65' title='bbox 706 1021 797 1090; x_wconf 85' lang='lat' dir='ltr'><strong>palma</strong></span> <span class='ocrx_word' id='word_1_66' title='bbox 806 1020 916 1075; x_wconf 88' lang='lat' dir='ltr'><strong>Diores.</strong></span> 
     </span>
     <span class='ocr_line' id='line_1_11' title="bbox 221 1089 948 1160; baseline 0 -17"><span class='ocrx_word' id='word_1_67' title='bbox 221 1089 276 1143; x_wconf 86' lang='lat' dir='ltr'><strong>Hic</strong></span> <span class='ocrx_word' id='word_1_68' title='bbox 288 1102 378 1143; x_wconf 87' lang='lat' dir='ltr'><strong>totum</strong></span> <span class='ocrx_word' id='word_1_69' title='bbox 387 1107 477 1145; x_wconf 86' lang='lat' dir='ltr'><strong>caveae</strong></span> <span class='ocrx_word' id='word_1_70' title='bbox 488 1090 637 1144; x_wconf 81' lang='lat' dir='ltr'><strong>conseisum</strong></span> <span class='ocrx_word' id='word_1_71' title='bbox 647 1091 773 1160; x_wconf 83' lang='lat' dir='ltr'><strong>ingentis,</strong></span> <span class='ocrx_word' id='word_1_72' title='bbox 790 1092 816 1143; x_wconf 73' lang='grc' dir='ltr'><strong>δι</strong></span> <span class='ocrx_word' id='word_1_73' title='bbox 826 1107 873 1143; x_wconf 87' lang='lat' dir='ltr'><strong>ora</strong></span> <span class='ocrx_word' id='word_1_74' title='bbox 947 1148 948 1152; x_wconf 43' lang='lat'><strong>,</strong></span> 
     </span>
    </p>

    <p class='ocr_par' dir='ltr' id='par_1_11' title="bbox 185 1160 925 1232">
     <span class='ocr_line' id='line_1_12' title="bbox 185 1160 925 1232; baseline 0.003 -19"><span class='ocrx_word' id='word_1_75' title='bbox 185 1160 276 1216; x_wconf 88' lang='lat' dir='ltr'><strong>Prima</strong></span> <span class='ocrx_word' id='word_1_76' title='bbox 289 1174 398 1231; x_wconf 86' lang='lat' dir='ltr'><strong>patrum</strong></span> <span class='ocrx_word' id='word_1_77' title='bbox 410 1162 515 1232; x_wconf 85' lang='lat' dir='ltr'><strong>magnis</strong></span> <span class='ocrx_word' id='word_1_78' title='bbox 526 1162 616 1214; x_wconf 85' lang='lat' dir='ltr'><strong>Salius</strong></span> <span class='ocrx_word' id='word_1_79' title='bbox 628 1161 795 1215; x_wconf 87' lang='lat' dir='ltr'><strong>clamoribus</strong></span> <span class='ocrx_word' id='word_1_80' title='bbox 807 1161 925 1232; x_wconf 75' lang='lat' dir='ltr'><strong>implet,</strong></span> 
     </span>
    </p>

    <p class='ocr_par' dir='ltr' id='par_1_12' title="bbox 184 1231 843 1301">
     <span class='ocr_line' id='line_1_13' title="bbox 184 1231 843 1301; baseline 0.003 -18"><span class='ocrx_word' id='word_1_81' title='bbox 184 1231 375 1301; x_wconf 84' lang='lat' dir='ltr'><strong>Ereptumque</strong></span> <span class='ocrx_word' id='word_1_82' title='bbox 384 1232 448 1284; x_wconf 91' lang='lat' dir='ltr'><strong>dolo</strong></span> <span class='ocrx_word' id='word_1_83' title='bbox 457 1231 533 1283; x_wconf 82' lang='lat' dir='ltr'>reddi</span> <span class='ocrx_word' id='word_1_84' title='bbox 544 1232 592 1284; x_wconf 79' lang='lat' dir='ltr'><strong>fibi</strong></span> <span class='ocrx_word' id='word_1_85' title='bbox 603 1232 690 1301; x_wconf 84' lang='lat' dir='ltr'><strong>poscit</strong></span> <span class='ocrx_word' id='word_1_86' title='bbox 701 1232 843 1285; x_wconf 86' lang='lat' dir='ltr'><strong>honorem.</strong></span> 
     </span>
    </p>

    <p class='ocr_par' dir='ltr' id='par_1_13' title="bbox 183 1301 904 1371">
     <span class='ocr_line' id='line_1_14' title="bbox 183 1301 904 1371; baseline 0.004 -18"><span class='ocrx_word' id='word_1_87' title='bbox 183 1302 400 1355; x_wconf 89' lang='lat' dir='ltr'><strong>Tutatur.favor</strong></span> <span class='ocrx_word' id='word_1_88' title='bbox 411 1301 572 1371; x_wconf 82' lang='lat' dir='ltr'><strong>Euryalum,</strong></span> <span class='ocrx_word' id='word_1_89' title='bbox 590 1302 774 1371; x_wconf 76' lang='lat' dir='ltr'><strong>lacrymaeque</strong></span> <span class='ocrx_word' id='word_1_90' title='bbox 784 1303 904 1371; x_wconf 87' lang='lat' dir='ltr'><strong>decorae,</strong></span> 
     </span>
    </p>

    <p class='ocr_par' dir='ltr' id='par_1_14' title="bbox 186 1372 862 1443">
     <span class='ocr_line' id='line_1_15' title="bbox 186 1372 862 1443; baseline 0.003 -18"><span class='ocrx_word' id='word_1_91' title='bbox 186 1373 300 1425; x_wconf 86' lang='lat' dir='ltr'><strong>Gratior</strong></span> <span class='ocrx_word' id='word_1_92' title='bbox 313 1375 339 1426; x_wconf 76' lang='grc' dir='ltr'><strong>δι</strong></span> <span class='ocrx_word' id='word_1_93' title='bbox 371 1374 468 1426; x_wconf 90' lang='lat' dir='ltr'><strong>ulchro</strong></span> <span class='ocrx_word' id='word_1_94' title='bbox 478 1373 590 1425; x_wconf 86' lang='lat' dir='ltr'><strong>veniens</strong></span> <span class='ocrx_word' id='word_1_95' title='bbox 602 1372 629 1425; x_wconf 92' lang='lat' dir='ltr'><strong>in</strong></span> <span class='ocrx_word' id='word_1_96' title='bbox 638 1389 751 1443; x_wconf 87' lang='lat' dir='ltr'><strong>corpore</strong></span> <span class='ocrx_word' id='word_1_97' title='bbox 762 1373 862 1427; x_wconf 87' lang='lat' dir='ltr'><strong>virtus.</strong></span> 
     </span>
    </p>

    <p class='ocr_par' dir='ltr' id='par_1_15' title="bbox 186 1442 844 1567">
     <span class='ocr_line' id='line_1_16' title="bbox 186 1442 844 1567; baseline 0.002 -71"><span class='ocrx_word' id='word_1_98' title='bbox 186 1444 326 1509; x_wconf 87' lang='lat' dir='ltr'><strong>Adjuvat,</strong></span> <span class='ocrx_word' id='word_1_99' title='bbox 383 1442 481 1515; x_wconf 68' lang='lat' dir='ltr'><strong>magni</strong></span> <span class='ocrx_word' id='word_1_100' title='bbox 482 1444 641 1567; x_wconf 70' lang='lat' dir='ltr'><strong>proclamat</strong></span> <span class='ocrx_word' id='word_1_101' title='bbox 652 1459 721 1496; x_wconf 86' lang='lat' dir='ltr'><strong>voce</strong></span> <span class='ocrx_word' id='word_1_102' title='bbox 730 1444 827 1498; x_wconf 84' lang='lat' dir='ltr'>Diores</span> <span class='ocrx_word' id='word_1_103' title='bbox 838 1466 844 1497; x_wconf 90' lang='lat'>:</span> 
     </span>
    </p>

    <p class='ocr_par' dir='ltr' id='par_1_16' title="bbox 187 1513 893 1584">
     <span class='ocr_line' id='line_1_17' title="bbox 187 1513 893 1584; baseline 0.003 -19"><span class='ocrx_word' id='word_1_104' title='bbox 187 1514 245 1584; x_wconf 81' lang='lat' dir='ltr'><strong>Qi</strong></span> <span class='ocrx_word' id='word_1_105' title='bbox 262 1513 344 1566; x_wconf 87' lang='lat' dir='ltr'><strong>subiit</strong></span> <span class='ocrx_word' id='word_1_106' title='bbox 357 1515 467 1583; x_wconf 89' lang='lat' dir='ltr'><strong>palmae,</strong></span> <span class='ocrx_word' id='word_1_107' title='bbox 494 1514 631 1583; x_wconf 84' lang='lat' dir='ltr'><strong>rustraque</strong></span> <span class='ocrx_word' id='word_1_108' title='bbox 644 1514 678 1566; x_wconf 94' lang='lat' dir='ltr'><strong>ad</strong></span> <span class='ocrx_word' id='word_1_109' title='bbox 691 1514 804 1583; x_wconf 84' lang='lat' dir='ltr'><strong>praemia</strong></span> <span class='ocrx_word' id='word_1_110' title='bbox 815 1514 893 1567; x_wconf 89' lang='lat' dir='ltr'><strong>venit</strong></span> 
     </span>
    </p>
   </div>
   <div class='ocr_carea' id='block_1_3' title="bbox 185 1584 949 1796">
    <p class='ocr_par' dir='ltr' id='par_1_17' title="bbox 185 1584 949 1796">
     <span class='ocr_line' id='line_1_18' title="bbox 186 1584 823 1652; baseline 0.002 -15"><span class='ocrx_word' id='word_1_111' title='bbox 186 1584 302 1648; x_wconf 89' lang='lat' dir='ltr'><strong>Ultima,</strong></span> <span class='ocrx_word' id='word_1_112' title='bbox 320 1585 337 1636; x_wconf 86' lang='lat' dir='ltr'>fi</span> <span class='ocrx_word' id='word_1_113' title='bbox 351 1584 432 1652; x_wconf 89' lang='lat' dir='ltr'><strong>primi</strong></span> <span class='ocrx_word' id='word_1_114' title='bbox 446 1584 519 1638; x_wconf 87' lang='lat' dir='ltr'><strong>Salio</strong></span> <span class='ocrx_word' id='word_1_115' title='bbox 532 1584 686 1637; x_wconf 88' lang='lat' dir='ltr'><strong>redduntur</strong></span> <span class='ocrx_word' id='word_1_116' title='bbox 699 1585 823 1638; x_wconf 85' lang='lat' dir='ltr'><strong>honores.</strong></span> 
     </span>
     <span class='ocr_line' id='line_1_19' title="bbox 185 1654 947 1730; baseline -0.003 -23"><span class='ocrx_word' id='word_1_117' title='bbox 185 1656 265 1707; x_wconf 91' lang='lat' dir='ltr'><strong>Tum</strong></span> <span class='ocrx_word' id='word_1_118' title='bbox 279 1665 356 1724; x_wconf 88' lang='lat' dir='ltr'><strong>pater</strong></span> <span class='ocrx_word' id='word_1_119' title='bbox 369 1656 482 1719; x_wconf 86' lang='lat' dir='ltr'><strong>AEneas,</strong></span> <span class='ocrx_word' id='word_1_120' title='bbox 501 1655 604 1730; x_wconf 71' lang='lat' dir='ltr'><strong>Vetira,</strong></span> <span class='ocrx_word' id='word_1_121' title='bbox 623 1655 722 1722; x_wconf 87' lang='lat' dir='ltr'><strong>inquit,</strong></span> <span class='ocrx_word' id='word_1_122' title='bbox 740 1671 855 1708; x_wconf 87' lang='lat' dir='ltr'><strong>munera·</strong></span> <span class='ocrx_word' id='word_1_123' title='bbox 865 1654 947 1707; x_wconf 90' lang='lat' dir='ltr'><strong>vobis</strong></span> 
     </span>
     <span class='ocr_line' id='line_1_20' title="bbox 188 1726 949 1796; baseline 0 -19"><span class='ocrx_word' id='word_1_124' title='bbox 188 1726 271 1777; x_wconf 87' lang='lat' dir='ltr'><strong>Certa</strong></span> <span class='ocrx_word' id='word_1_125' title='bbox 279 1737 398 1790; x_wconf 89' lang='lat' dir='ltr'><strong>manent,</strong></span> <span class='ocrx_word' id='word_1_126' title='bbox 413 1726 506 1795; x_wconf 86' lang='lat' dir='ltr'><strong>pueri;</strong></span> <span class='ocrx_word' id='word_1_127' title='bbox 524 1727 548 1778; x_wconf 77' lang='grc' dir='ltr'><strong>δι</strong></span> <span class='ocrx_word' id='word_1_128' title='bbox 561 1726 680 1796; x_wconf 89' lang='lat' dir='ltr'><strong>palmam</strong></span> <span class='ocrx_word' id='word_1_129' title='bbox 690 1739 783 1778; x_wconf 84' lang='lat' dir='ltr'><strong>movet</strong></span> <span class='ocrx_word' id='word_1_130' title='bbox 793 1726 887 1780; x_wconf 87' lang='lat' dir='ltr'><strong>ordine</strong></span> <span class='ocrx_word' id='word_1_131' title='bbox 899 1741 949 1778; x_wconf 89' lang='lat' dir='ltr'><strong>nen</strong></span> 
     </span>
    </p>
   </div>
   <div class='ocr_carea' id='block_1_4' title="bbox 148 1795 945 3169">
    <p class='ocr_par' dir='ltr' id='par_1_18' title="bbox 148 1795 783 1850">
     <span class='ocr_line' id='line_1_21' title="bbox 148 1795 783 1850; baseline 0.003 -4"><span class='ocrx_word' id='word_1_132' title='bbox 148 1837 154 1846; x_wconf 86' lang='lat'>.</span> <span class='ocrx_word' id='word_1_133' title='bbox 188 1799 238 1848; x_wconf 90' lang='lat' dir='ltr'><strong>Me</strong></span> <span class='ocrx_word' id='word_1_134' title='bbox 252 1795 333 1848; x_wconf 88' lang='lat' dir='ltr'><strong>liceat</strong></span> <span class='ocrx_word' id='word_1_135' title='bbox 346 1795 422 1848; x_wconf 88' lang='lat' dir='ltr'><strong>casus</strong></span> <span class='ocrx_word' id='word_1_136' title='bbox 435 1795 553 1848; x_wconf 87' lang='lat' dir='ltr'><strong>miserari</strong></span> <span class='ocrx_word' id='word_1_137' title='bbox 569 1795 680 1848; x_wconf 88' lang='lat' dir='ltr'><strong>insontis</strong></span> <span class='ocrx_word' id='word_1_138' title='bbox 692 1796 783 1850; x_wconf 86' lang='lat' dir='ltr'><strong>amici.</strong></span> 
     </span>
    </p>

    <p class='ocr_par' dir='ltr' id='par_1_19' title="bbox 189 1865 806 1936">
     <span class='ocr_line' id='line_1_22' title="bbox 189 1865 806 1936; baseline 0.003 -19"><span class='ocrx_word' id='word_1_139' title='bbox 189 1866 232 1918; x_wconf 88' lang='lat' dir='ltr'><strong>Sic</strong></span> <span class='ocrx_word' id='word_1_140' title='bbox 245 1865 327 1931; x_wconf 83' lang='lat' dir='ltr'><strong>fatus,</strong></span> <span class='ocrx_word' id='word_1_141' title='bbox 342 1880 451 1936; x_wconf 86' lang='lat' dir='ltr'><strong>tergum</strong></span> <span class='ocrx_word' id='word_1_142' title='bbox 464 1867 571 1920; x_wconf 74' lang='lat' dir='ltr'><strong>Gaetuli</strong></span> <span class='ocrx_word' id='word_1_143' title='bbox 591 1867 708 1919; x_wconf 88' lang='lat' dir='ltr'><strong>immane</strong></span> <span class='ocrx_word' id='word_1_144' title='bbox 721 1867 806 1919; x_wconf 88' lang='lat' dir='ltr'><strong>leonis</strong></span> 
     </span>
    </p>

    <p class='ocr_par' dir='ltr' id='par_1_20' title="bbox 190 1937 945 2007">
     <span class='ocr_line' id='line_1_23' title="bbox 190 1937 945 2007; baseline 0.001 -17"><span class='ocrx_word' id='word_1_145' title='bbox 190 1938 246 1990; x_wconf 86' lang='lat' dir='ltr'><strong>Dat</strong></span> <span class='ocrx_word' id='word_1_146' title='bbox 258 1938 340 2001; x_wconf 84' lang='lat' dir='ltr'><strong>Salio,</strong></span> <span class='ocrx_word' id='word_1_147' title='bbox 356 1938 431 1989; x_wconf 90' lang='lat' dir='ltr'><strong>villis</strong></span> <span class='ocrx_word' id='word_1_148' title='bbox 443 1938 587 1990; x_wconf 79' lang='lat' dir='ltr'><strong>onerosum</strong></span> <span class='ocrx_word' id='word_1_149' title='bbox 599 1949 681 2003; x_wconf 85' lang='lat' dir='ltr'><strong>atque</strong></span> <span class='ocrx_word' id='word_1_150' title='bbox 694 1939 834 2007; x_wconf 87' lang='lat' dir='ltr'><strong>unguibus</strong></span> <span class='ocrx_word' id='word_1_151' title='bbox 843 1937 945 1991; x_wconf 84' lang='lat' dir='ltr'><strong>aureis.</strong></span> 
     </span>
    </p>

    <p class='ocr_par' dir='ltr' id='par_1_21' title="bbox 188 2007 922 2078">
     <span class='ocr_line' id='line_1_24' title="bbox 188 2007 922 2078; baseline 0.001 -19"><span class='ocrx_word' id='word_1_152' title='bbox 188 2009 243 2060; x_wconf 84' lang='lat' dir='ltr'><strong>Hic</strong></span> <span class='ocrx_word' id='word_1_153' title='bbox 257 2007 349 2072; x_wconf 75' lang='lat' dir='ltr'><strong>NisuS,</strong></span> <span class='ocrx_word' id='word_1_154' title='bbox 367 2007 395 2059; x_wconf 88' lang='lat' dir='ltr'><strong>Si</strong></span> <span class='ocrx_word' id='word_1_155' title='bbox 409 2018 493 2073; x_wconf 83' lang='lat' dir='ltr'><strong>tanta,</strong></span> <span class='ocrx_word' id='word_1_156' title='bbox 514 2007 612 2075; x_wconf 90' lang='lat' dir='ltr'><strong>inquit,</strong></span> <span class='ocrx_word' id='word_1_157' title='bbox 630 2007 690 2060; x_wconf 84' lang='lat' dir='ltr'><strong>sunt</strong></span> <span class='ocrx_word' id='word_1_158' title='bbox 705 2010 817 2078; x_wconf 78' lang='lat' dir='ltr'><strong>praemia</strong></span> <span class='ocrx_word' id='word_1_159' title='bbox 830 2008 922 2075; x_wconf 57' lang='lat' dir='ltr'><strong>viniis,</strong></span> 
     </span>
    </p>

    <p class='ocr_par' dir='ltr' id='par_1_22' title="bbox 189 2078 840 2146">
     <span class='ocr_line' id='line_1_25' title="bbox 189 2078 840 2146; baseline 0.006 -18"><span class='ocrx_word' id='word_1_160' title='bbox 189 2079 226 2129; x_wconf 88' lang='lat' dir='ltr'><strong>Et</strong></span> <span class='ocrx_word' id='word_1_161' title='bbox 241 2090 266 2128; x_wconf 85' lang='lat' dir='ltr'><strong>te</strong></span> <span class='ocrx_word' id='word_1_162' title='bbox 280 2078 418 2146; x_wconf 89' lang='lat' dir='ltr'><strong>lapsorum</strong></span> <span class='ocrx_word' id='word_1_163' title='bbox 430 2078 554 2144; x_wconf 79' lang='lat' dir='ltr'><strong>miseret3</strong></span> <span class='ocrx_word' id='word_1_164' title='bbox 575 2096 636 2145; x_wconf 86' lang='lat' dir='ltr'><strong>qnae</strong></span> <span class='ocrx_word' id='word_1_165' title='bbox 650 2096 762 2131; x_wconf 88' lang='lat' dir='ltr'><strong>munera</strong></span> <span class='ocrx_word' id='word_1_166' title='bbox 774 2079 840 2132; x_wconf 90' lang='lat' dir='ltr'><strong>Niso</strong></span> 
     </span>
    </p>

    <p class='ocr_par' dir='ltr' id='par_1_23' title="bbox 190 2149 927 2218">
     <span class='ocr_line' id='line_1_26' title="bbox 190 2149 927 2218; baseline 0 -16"><span class='ocrx_word' id='word_1_167' title='bbox 190 2149 282 2216; x_wconf 83' lang='lat' dir='ltr'>Digna</span> <span class='ocrx_word' id='word_1_168' title='bbox 294 2149 371 2201; x_wconf 82' lang='lat' dir='ltr'><strong>dabis</strong></span> <span class='ocrx_word' id='word_1_169' title='bbox 384 2157 392 2200; x_wconf 70' lang='grc' dir='ltr'><em>ἒ</em></span> <span class='ocrx_word' id='word_1_170' title='bbox 408 2149 523 2218; x_wconf 87' lang='lat' dir='ltr'><strong>primam</strong></span> <span class='ocrx_word' id='word_1_171' title='bbox 532 2149 619 2201; x_wconf 82' lang='lat' dir='ltr'><strong>merui</strong></span> <span class='ocrx_word' id='word_1_172' title='bbox 630 2149 678 2216; x_wconf 87' lang='lat' dir='ltr'><strong>qui</strong></span> <span class='ocrx_word' id='word_1_173' title='bbox 688 2150 769 2202; x_wconf 84' lang='lat' dir='ltr'><strong>laude</strong></span> <span class='ocrx_word' id='word_1_174' title='bbox 779 2166 906 2202; x_wconf 90' lang='lat' dir='ltr'><strong>coronam</strong></span> <span class='ocrx_word' id='word_1_175' title='bbox 919 2171 927 2216; x_wconf 89' lang='lat'>;</span> 
     </span>
    </p>

    <p class='ocr_par' dir='ltr' id='par_1_24' title="bbox 189 2218 874 2287">
     <span class='ocr_line' id='line_1_27' title="bbox 189 2218 874 2287; baseline 0.006 -17"><span class='ocrx_word' id='word_1_176' title='bbox 189 2219 226 2270; x_wconf 89' lang='lat' dir='ltr'><strong>Ni</strong></span> <span class='ocrx_word' id='word_1_177' title='bbox 241 2235 294 2284; x_wconf 91' lang='lat' dir='ltr'><strong>me,</strong></span> <span class='ocrx_word' id='word_1_178' title='bbox 309 2237 370 2287; x_wconf 87' lang='lat' dir='ltr'><strong>quae</strong></span> <span class='ocrx_word' id='word_1_179' title='bbox 385 2219 499 2283; x_wconf 80' lang='lat' dir='ltr'><strong>Salium,</strong></span> <span class='ocrx_word' id='word_1_180' title='bbox 517 2218 627 2272; x_wconf 81' lang='lat' dir='ltr'><strong>fortuna</strong></span> <span class='ocrx_word' id='word_1_181' title='bbox 639 2219 748 2272; x_wconf 89' lang='lat' dir='ltr'><strong>inimica</strong></span> <span class='ocrx_word' id='word_1_182' title='bbox 761 2219 874 2274; x_wconf 85' lang='lat' dir='ltr'><strong>tuliss&#39;et.</strong></span> 
     </span>
    </p>

    <p class='ocr_par' dir='ltr' id='par_1_25' title="bbox 187 2288 891 2498">
     <span class='ocr_line' id='line_1_28' title="bbox 188 2288 865 2355; baseline 0 -14"><span class='ocrx_word' id='word_1_183' title='bbox 188 2288 226 2341; x_wconf 90' lang='lat' dir='ltr'><strong>Et</strong></span> <span class='ocrx_word' id='word_1_184' title='bbox 240 2289 317 2341; x_wconf 87' lang='lat' dir='ltr'><strong>sunni</strong></span> <span class='ocrx_word' id='word_1_185' title='bbox 332 2290 374 2342; x_wconf 87' lang='lat' dir='ltr'><strong>his</strong></span> <span class='ocrx_word' id='word_1_186' title='bbox 386 2288 466 2342; x_wconf 75' lang='lat' dir='ltr'><strong>dietis</strong></span> <span class='ocrx_word' id='word_1_187' title='bbox 480 2290 578 2343; x_wconf 81' lang='lat' dir='ltr'><strong>faciem</strong></span> <span class='ocrx_word' id='word_1_188' title='bbox 590 2290 749 2355; x_wconf 83' lang='lat' dir='ltr'><strong>ostentabat,</strong></span> <span class='ocrx_word' id='word_1_189' title='bbox 770 2291 795 2342; x_wconf 76' lang='grc' dir='ltr'><strong>δι</strong></span> <span class='ocrx_word' id='word_1_190' title='bbox 809 2292 865 2343; x_wconf 94' lang='lat' dir='ltr'><strong>udo</strong></span> 
     </span>
     <span class='ocr_line' id='line_1_29' title="bbox 187 2359 891 2430; baseline 0.003 -19"><span class='ocrx_word' id='word_1_191' title='bbox 187 2359 251 2411; x_wconf 87' lang='lat' dir='ltr'><strong>Tur</strong></span> <span class='ocrx_word' id='word_1_192' title='bbox 274 2360 298 2411; x_wconf 88' lang='lat' dir='ltr'><strong>ia</strong></span> <span class='ocrx_word' id='word_1_193' title='bbox 311 2360 433 2412; x_wconf 88' lang='lat' dir='ltr'><strong>membra</strong></span> <span class='ocrx_word' id='word_1_194' title='bbox 445 2359 519 2412; x_wconf 86' lang='lat' dir='ltr'><strong>fimo.</strong></span> <span class='ocrx_word' id='word_1_195' title='bbox 539 2360 594 2412; x_wconf 74' lang='lat' dir='ltr'><strong>risit</strong></span> <span class='ocrx_word' id='word_1_196' title='bbox 607 2372 684 2429; x_wconf 87' lang='lat' dir='ltr'><strong>pater</strong></span> <span class='ocrx_word' id='word_1_197' title='bbox 696 2362 818 2430; x_wconf 84' lang='lat' dir='ltr'><strong>optimus</strong></span> <span class='ocrx_word' id='word_1_198' title='bbox 829 2361 891 2427; x_wconf 89' lang='lat' dir='ltr'><strong>olli,</strong></span> 
     </span>
     <span class='ocr_line' id='line_1_30' title="bbox 189 2378 856 2498; baseline 0.001 -17"><span class='ocrx_word' id='word_1_199' title='bbox 189 2429 226 2481; x_wconf 90' lang='lat' dir='ltr'><strong>Et</strong></span> <span class='ocrx_word' id='word_1_200' title='bbox 240 2378 369 2498; x_wconf 53' lang='lat' dir='ltr'><strong>cfypemn</strong></span> <span class='ocrx_word' id='word_1_201' title='bbox 382 2430 470 2481; x_wconf 87' lang='lat' dir='ltr'><strong>efferri</strong></span> <span class='ocrx_word' id='word_1_202' title='bbox 479 2431 563 2496; x_wconf 85' lang='lat' dir='ltr'><strong>jussit,</strong></span> <span class='ocrx_word' id='word_1_203' title='bbox 584 2431 763 2498; x_wconf 84' lang='lat' dir='ltr'><strong>Didymaonis</strong></span> <span class='ocrx_word' id='word_1_204' title='bbox 775 2444 856 2495; x_wconf 84' lang='lat' dir='ltr'><strong>artes,</strong></span> 
     </span>
    </p>

    <p class='ocr_par' dir='ltr' id='par_1_26' title="bbox 188 2499 788 2570">
     <span class='ocr_line' id='line_1_31' title="bbox 188 2499 788 2570; baseline 0.005 -19"><span class='ocrx_word' id='word_1_205' title='bbox 188 2499 311 2566; x_wconf 80' lang='lat' dir='ltr'><strong>Neptuni</strong></span> <span class='ocrx_word' id='word_1_206' title='bbox 327 2500 398 2551; x_wconf 73' lang='lat' dir='ltr'><strong>i&#39;acro</strong></span> <span class='ocrx_word' id='word_1_207' title='bbox 414 2502 515 2553; x_wconf 84' lang='lat' dir='ltr'><strong>Danais</strong></span> <span class='ocrx_word' id='word_1_208' title='bbox 528 2502 562 2553; x_wconf 88' lang='lat' dir='ltr'><strong>de</strong></span> <span class='ocrx_word' id='word_1_209' title='bbox 576 2501 648 2570; x_wconf 85' lang='lat' dir='ltr'><strong>poste</strong></span> <span class='ocrx_word' id='word_1_210' title='bbox 662 2501 788 2554; x_wconf 85' lang='lat' dir='ltr'><strong>refixum.</strong></span> 
     </span>
    </p>

    <p class='ocr_par' dir='ltr' id='par_1_27' title="bbox 188 2567 927 2641">
     <span class='ocr_line' id='line_1_32' title="bbox 188 2567 927 2641; baseline 0.001 -19"><span class='ocrx_word' id='word_1_211' title='bbox 188 2567 250 2622; x_wconf 79' lang='lat' dir='ltr'><strong>Hoc</strong></span> <span class='ocrx_word' id='word_1_212' title='bbox 260 2569 392 2633; x_wconf 88' lang='lat' dir='ltr'><strong>juvenem</strong></span> <span class='ocrx_word' id='word_1_213' title='bbox 404 2572 545 2639; x_wconf 82' lang='lat' dir='ltr'><strong>egregium</strong></span> <span class='ocrx_word' id='word_1_214' title='bbox 559 2572 693 2641; x_wconf 79' lang='lat' dir='ltr'><strong>praestanti</strong></span> <span class='ocrx_word' id='word_1_215' title='bbox 708 2589 818 2629; x_wconf 76' lang='lat' dir='ltr'><strong>munere</strong></span> <span class='ocrx_word' id='word_1_216' title='bbox 831 2571 927 2624; x_wconf 86' lang='lat' dir='ltr'><strong>donat.</strong></span> 
     </span>
    </p>

    <p class='ocr_par' dir='ltr' id='par_1_28' title="bbox 224 2639 857 2712">
     <span class='ocr_line' id='line_1_33' title="bbox 224 2639 857 2712; baseline 0.008 -22"><span class='ocrx_word' id='word_1_217' title='bbox 224 2639 283 2691; x_wconf 81' lang='lat' dir='ltr'><strong>Posi</strong></span> <span class='ocrx_word' id='word_1_218' title='bbox 297 2640 344 2690; x_wconf 93' lang='lat' dir='ltr'><strong>ubi</strong></span> <span class='ocrx_word' id='word_1_219' title='bbox 358 2640 476 2693; x_wconf 64' lang='lat' dir='ltr'><strong>confefiii</strong></span> <span class='ocrx_word' id='word_1_220' title='bbox 489 2641 593 2706; x_wconf 88' lang='lat' dir='ltr'><strong>cursus,</strong></span> <span class='ocrx_word' id='word_1_221' title='bbox 612 2644 637 2694; x_wconf 83' lang='lat'>&amp;</span> <span class='ocrx_word' id='word_1_222' title='bbox 651 2643 722 2694; x_wconf 86' lang='lat' dir='ltr'><strong>dona</strong></span> <span class='ocrx_word' id='word_1_223' title='bbox 734 2644 857 2712; x_wconf 83' lang='lat' dir='ltr'><strong>peregit:</strong></span> 
     </span>
    </p>

    <p class='ocr_par' dir='ltr' id='par_1_29' title="bbox 187 2710 936 2783">
     <span class='ocr_line' id='line_1_34' title="bbox 187 2710 936 2783; baseline 0.003 -20"><span class='ocrx_word' id='word_1_224' title='bbox 187 2711 268 2763; x_wconf 86' lang='lat' dir='ltr'><strong>Nunc</strong></span> <span class='ocrx_word' id='word_1_225' title='bbox 281 2710 300 2761; x_wconf 82' lang='lat' dir='ltr'><strong>st</strong></span> <span class='ocrx_word' id='word_1_226' title='bbox 312 2711 357 2761; x_wconf 91' lang='lat' dir='ltr'><strong>cui</strong></span> <span class='ocrx_word' id='word_1_227' title='bbox 371 2711 459 2762; x_wconf 88' lang='lat' dir='ltr'><strong>virtus</strong></span> <span class='ocrx_word' id='word_1_228' title='bbox 471 2712 630 2779; x_wconf 83' lang='lat' dir='ltr'><strong>animusque</strong></span> <span class='ocrx_word' id='word_1_229' title='bbox 643 2712 671 2764; x_wconf 89' lang='lat' dir='ltr'><strong>iu</strong></span> <span class='ocrx_word' id='word_1_230' title='bbox 684 2712 792 2782; x_wconf 69' lang='lat' dir='ltr'><strong>pectore</strong></span> <span class='ocrx_word' id='word_1_231' title='bbox 806 2712 936 2783; x_wconf 78' lang='lat' dir='ltr'><strong>praesens,</strong></span> 
     </span>
    </p>

    <p class='ocr_par' dir='ltr' id='par_1_30' title="bbox 188 2779 819 2853">
     <span class='ocr_line' id='line_1_35' title="bbox 188 2779 819 2853; baseline 0.003 -21"><span class='ocrx_word' id='word_1_232' title='bbox 188 2780 278 2843; x_wconf 77' lang='lat' dir='ltr'><strong>Adsit,</strong></span> <span class='ocrx_word' id='word_1_233' title='bbox 297 2781 323 2833; x_wconf 70' lang='grc' dir='ltr'><strong>δι</strong></span> <span class='ocrx_word' id='word_1_234' title='bbox 336 2779 451 2833; x_wconf 71' lang='grc' dir='ltr'>ενὶηᾶὶίε</span> <span class='ocrx_word' id='word_1_235' title='bbox 464 2783 573 2835; x_wconf 84' lang='lat' dir='ltr'><strong>attollat</strong></span> <span class='ocrx_word' id='word_1_236' title='bbox 586 2783 698 2841; x_wconf 82' lang='lat' dir='ltr'><strong>brachia</strong></span> <span class='ocrx_word' id='word_1_237' title='bbox 711 2784 819 2853; x_wconf 79' lang='lat' dir='ltr'><strong>palmis.</strong></span> 
     </span>
    </p>

    <p class='ocr_par' dir='ltr' id='par_1_31' title="bbox 187 2850 907 2923">
     <span class='ocr_line' id='line_1_36' title="bbox 187 2850 907 2923; baseline 0.008 -21"><span class='ocrx_word' id='word_1_238' title='bbox 187 2851 231 2902; x_wconf 84' lang='lat' dir='ltr'><strong>Sic</strong></span> <span class='ocrx_word' id='word_1_239' title='bbox 245 2850 293 2914; x_wconf 88' lang='lat' dir='ltr'><strong>ait,</strong></span> <span class='ocrx_word' id='word_1_240' title='bbox 312 2850 337 2902; x_wconf 72' lang='grc' dir='ltr'><strong>δι</strong></span> <span class='ocrx_word' id='word_1_241' title='bbox 351 2850 491 2918; x_wconf 86' lang='lat' dir='ltr'><strong>geminum</strong></span> <span class='ocrx_word' id='word_1_242' title='bbox 503 2870 602 2921; x_wconf 66' lang='lat' dir='ltr'><strong>pugnae</strong></span> <span class='ocrx_word' id='word_1_243' title='bbox 616 2854 743 2923; x_wconf 86' lang='lat' dir='ltr'><strong>proponit</strong></span> <span class='ocrx_word' id='word_1_244' title='bbox 757 2855 907 2908; x_wconf 86' lang='lat' dir='ltr'><strong>honorem:</strong></span> 
     </span>
    </p>

    <p class='ocr_par' dir='ltr' id='par_1_32' title="bbox 185 2918 831 2990">
     <span class='ocr_line' id='line_1_37' title="bbox 185 2918 831 2990; baseline 0.008 -18"><span class='ocrx_word' id='word_1_245' title='bbox 185 2918 291 2972; x_wconf 59' lang='lat' dir='ltr'><strong>Victori</strong></span> <span class='ocrx_word' id='word_1_246' title='bbox 304 2920 428 2973; x_wconf 84' lang='lat' dir='ltr'><strong>velatum</strong></span> <span class='ocrx_word' id='word_1_247' title='bbox 440 2938 506 2974; x_wconf 89' lang='lat' dir='ltr'><strong>auro</strong></span> <span class='ocrx_word' id='word_1_248' title='bbox 519 2922 650 2990; x_wconf 80' lang='lat' dir='ltr'><strong>vittisque</strong></span> <span class='ocrx_word' id='word_1_249' title='bbox 661 2924 812 2988; x_wconf 87' lang='lat' dir='ltr'><strong>juvencum</strong></span> <span class='ocrx_word' id='word_1_250' title='bbox 824 2945 831 2989; x_wconf 82' lang='lat'><em>3</em></span> 
     </span>
    </p>

    <p class='ocr_par' dir='ltr' id='par_1_33' title="bbox 155 2991 888 3169">
     <span class='ocr_line' id='line_1_38' title="bbox 172 2991 883 3064; baseline 0.01 -24"><span class='ocrx_word' id='word_1_251' title='bbox 172 2991 290 3056; x_wconf 75' lang='lat' dir='ltr'><strong>Errlern,</strong></span> <span class='ocrx_word' id='word_1_252' title='bbox 310 3003 395 3061; x_wconf 83' lang='lat' dir='ltr'><strong>atque</strong></span> <span class='ocrx_word' id='word_1_253' title='bbox 408 2991 540 3064; x_wconf 74' lang='lat' dir='ltr'><strong>insignem</strong></span> <span class='ocrx_word' id='word_1_254' title='bbox 553 2993 671 3059; x_wconf 67' lang='lat' dir='ltr'><strong>osteum,</strong></span> <span class='ocrx_word' id='word_1_255' title='bbox 691 2994 784 3047; x_wconf 87' lang='lat' dir='ltr'><strong>solatia</strong></span> <span class='ocrx_word' id='word_1_256' title='bbox 796 2993 883 3047; x_wconf 67' lang='lat' dir='ltr'><strong>viiio.</strong></span> 
     </span>
     <span class='ocr_line' id='line_1_39' title="bbox 155 3034 888 3169; baseline 0.005 -55"><span class='ocrx_word' id='word_1_257' title='bbox 155 3056 225 3169; x_wconf 50' lang='lat' dir='ltr'><strong>pier</strong></span> <span class='ocrx_word' id='word_1_258' title='bbox 234 3079 339 3136; x_wconf 71' lang='lat' dir='ltr'><strong>mora,</strong></span> <span class='ocrx_word' id='word_1_259' title='bbox 360 3064 499 3124; x_wconf 78' lang='lat' dir='ltr'><strong>continuit</strong></span> <span class='ocrx_word' id='word_1_260' title='bbox 512 3034 597 3123; x_wconf 62' lang='lat' dir='ltr'><strong>veiim</strong></span> <span class='ocrx_word' id='word_1_261' title='bbox 610 3082 678 3122; x_wconf 79' lang='lat' dir='ltr'><strong>cum</strong></span> <span class='ocrx_word' id='word_1_262' title='bbox 687 3065 798 3120; x_wconf 74' lang='lat' dir='ltr'><strong>u&#39;u&#39;mus</strong></span> <span class='ocrx_word' id='word_1_263' title='bbox 807 3065 888 3118; x_wconf 73' lang='lat' dir='ltr'><strong>eiieu</strong></span> 
     </span>
    </p>
   </div>
   <div class='ocr_carea' id='block_1_5' title="bbox 0 0 1155 3600">
    <p class='ocr_par' dir='ltr' id='par_1_34' title="bbox 0 0 1155 3600">
     <span class='ocr_line' id='line_1_40' title="bbox 0 0 1155 3600; baseline 0 0"><span class='ocrx_word' id='word_1_264' title='bbox 0 0 1155 3600; x_wconf 95' lang='lat' dir='ltr'><strong> </strong></span> 
     </span>
    </p>
   </div>
  </div>
 </body>
</html>
