2300 3600
167 352 217 416 „a
355 348 388 407 a.
404 344 586 401 wnoinn
605 344 795 418 nunonis

165 439 296 496 Arcada:
319 439 431 511 piscosae
446 438 491 492 cui
504 439 611 492 circum
625 440 742 493 flumina
755 442 854 494 Lernae
943 451 946 458 ’

167 516 224 564 Ars
238 512 338 578 suerat,
354 528 513 582 pauperque
524 511 641 579 donius3
664 527 714 563 nec
728 523 794 564 nota
805 518 948 580 potentum

167 584 307 636 Munera:
330 581 523 649 conduclltque
538 592 616 652 pater
629 582 731 635 tellure
742 582 862 635 serebat.
933 593 977 651 5²⁰

205 657 249 707 Ac
261 653 342 706 velut
355 653 460 705 itnmilsi
475 653 588 705 diversis
601 652 730 724 partibus
742 654 822 722 ignes

169 727 305 779 Arentem
317 724 346 776 in
359 724 476 791 sylvam,
499 724 525 776 ὅτ
539 724 664 793 virgulta
678 724 802 777 sonantia
815 724 912 793 lauro,

166 799 230 849 Aut
242 796 292 848 ubi
306 794 423 847 decursu
435 793 533 864 rapido
546 794 581 846 de
595 796 737 847 montibus
750 795 816 847 altis

172 867 247 919 Dant
259 866 378 918 sonittun
392 864 509 935 spumosi
523 881 626 932 amnes,
643 867 668 918 δι
680 866 708 917 in
719 882 832 934 aequora
845 872 965 929 currunt,

168 935 295 1009 Qisque
308 935 388 988 suuni
403 936 554 1006 populatus
568 936 638 989 iter:
655 954 709 988 non
720 936 832 1007 segnius
841 936 924 988 ambo
937 949 981 1003 5²⁵

168 1008 272 1063 AEneas
284 1004 454 1073 Turnusque
467 1018 551 1059 ruunt
564 1023 613 1077 per
625 1008 744 1077 proelia:
767 1024 855 1071 nunc,
882 1022 952 1063 nunc

168 1078 300 1132 Fluctuat
314 1077 352 1129 ira
363 1078 458 1145 intus3
480 1089 650 1146 rumpuntur
662 1078 751 1131 nescia
764 1079 842 1131 vinci

169 1149 301 1213 Pellora3
323 1165 396 1201 nunc
410 1149 476 1201 totis
490 1149 516 1200 in
530 1149 646 1201 vulnera
657 1150 765 1202 viribus
778 1150 847 1202 itur.

169 1222 337 1273 Murranum
347 1220 402 1283 hic,
416 1231 513 1271 atavos
527 1221 682 1272 &avorum
695 1221 810 1287 antiqua
822 1220 962 1276 sonantem

169 1291 299 1355 Nomina,
320 1306 369 1361 per
381 1290 511 1359 regesque
526 1290 619 1343 uelum
632 1307 719 1361 genus
732 1308 814 1344 omne
829 1293 954 1358 Latinos,

170 1362 346 1433 Praecipitem
358 1361 482 1430 scopulo,
497 1374 581 1430 atque
591 1362 709 1431 ingentis
720 1362 832 1414 turbine
844 1364 904 1415 saxi
940 1378 983 1428 53¹

171 1434 300 1498 Excutit,
315 1431 489 1500 effunditque
504 1432 571 1485 solo.
588 1433 661 1487 hunc
675 1432 733 1484 lora
747 1435 774 1485 aa
784 1433 857 1503 juga
869 1434 961 1487 subter

171 1506 340 1573 Provulvere
353 1515 421 1555 rotae
434 1525 441 1556 ι
464 1503 560 1555 crebro
576 1504 657 1573 super
668 1504 776 1574 ungula
790 1505 877 1574 pulsu

169 1577 260 1630 lncita
273 1591 322 1627 nec
336 1573 439 1626 domini
454 1590 607 1627 memorum
620 1576 765 1645 proculcat
778 1591 920 1643 equorum
932 1596 941 1644 ς

170 1647 224 1701 llle
237 1646 328 1700 ruenti
340 1645 425 1713 Hyllo
439 1645 589 1713 animisque
603 1647 720 1698 immane
734 1645 867 1699 frementi
938 1659 987 1715 535

171 1718 312 1782 Occurrit,
333 1718 476 1783 telumque
490 1728 585 1768 aurata
601 1717 635 1768 ad
650 1729 775 1787 tempora
789 1728 924 1786 torquet:

172 1789 231 1842 Olli
245 1805 295 1860 per
307 1788 414 1859 galeam
428 1787 483 1840 fixo
497 1788 567 1840 sletit
582 1788 654 1840 hasta
667 1788 791 1841 cerebro.

211 1863 331 1913 Dextera
345 1877 394 1911 nec
409 1871 507 1924 tuate,
530 1859 647 1911 Graium
662 1859 803 1911 sortilsnne
815 1859 933 1929 Creten,

170 1931 284 2001 Eripuit
297 1932 395 1982 Turno
408 1953 414 1996 ;
438 1946 486 1981 nec
500 1929 529 1981 dl
545 1942 639 1982 texere
655 1931 829 1998 Cupentum,

171 2006 262 2060 AEuetl
275 2002 412 2064 veniente,
435 2001 475 2051 sui
489 2022 494 2052 :
517 2001 595 2053 dedit
608 2001 692 2053 obvia
705 2001 778 2053 serro
940 2018 991 2074 540

171 2072 302 2139 Pectora5
324 2088 373 2123 nec
388 2071 484 2123 misero
498 2072 589 2141 clypei
604 2089 679 2125 mora
693 2072 800 2141 profuit
814 2073 892 2129 aerei.

169 2146 215 2196 Te
230 2160 340 2213 quoque
352 2145 502 2195 Laurentes
512 2143 653 2209 viderunt,
674 2143 769 2207 AEole,
791 2147 887 2216 campi

170 2216 323 2285 Oppetere,
345 2215 371 2266 dc
386 2213 440 2265 late
454 2227 553 2265 terrain
566 2214 733 2265 consternere
748 2226 839 2283 tergo.

169 2285 293 2351 Occidis,
316 2285 431 2353 Argivae
446 2302 529 2351 quem
543 2302 596 2337 non
610 2286 724 2354 potuere
739 2287 897 2358 phalanges

170 2358 306 2421 Sternere,
322 2370 370 2408 nec
383 2352 483 2407 Priami
493 2371 639 2424 regnorum
653 2357 763 2407 eversor
774 2359 920 2412 Achilles.
940 2375 992 2428 545

168 2428 224 2479 llic
238 2427 290 2479 tibi
303 2427 399 2478 mortis
412 2437 488 2477 eraut
502 2440 583 2478 mette
597 2449 602 2478 :
626 2428 725 2479 doinus
739 2427 796 2479 alta
810 2427 861 2481 sub
879 2428 930 2484 ida
945 2451 955 2498 5

171 2497 289 2566 Lyrnelst
300 2498 399 2549 domus
412 2497 479 2562 alta,
501 2496 558 2548 solo
571 2498 707 2549 Laurente
722 2499 899 2567 sepulcrum.

169 2567 254 2621 Totae
268 2567 337 2620 adeo
350 2567 488 2619 conversae
503 2568 585 2632 acies,
606 2568 755 2636 omnesque
770 2570 877 2637 Latini,

170 2639 274 2691 Omnes
289 2637 454 2691 Dardanidae
469 2660 474 2690 :
499 2639 673 2703 Mnestheus,
693 2655 812 2707 acerque
827 2644 961 2711 serenus,

170 2708 209 2761 Et
221 2708 362 2779 Messapus
375 2709 479 2776 equilin
492 2710 622 2775 domitor,
646 2712 670 2762 u
687 2710 766 2763 sortis
778 2711 895 2781 Asylas,
943 2728 993 2784 550

168 2778 384 2847 Tuscorumque
398 2779 529 2851 phalanx,
553 2781 731 2849 Evandrique
746 2783 866 2836 Arcadis
880 2785 944 2852 elz,

171 2847 225 2902 Pro
238 2851 265 2902 se
278 2850 393 2919 quisque
407 2850 459 2903 viri
473 2849 580 2905 summa
594 2852 721 2905 nituntur
732 2870 822 2923 opum
835 2855 877 2908 vi.

160 2922 227 2980 Nec
241 2940 330 2992 mora,
352 2936 402 2976 nec
415 2921 546 2991 requies,
563 2924 640 2974 uallo
652 2925 801 2976 certamine
816 2925 949 2982 tendunt.

191 3000 224 3054 H
226 2998 238 3053 i
241 3016 257 3053 c
269 3010 403 3054 mentem
420 2998 522 3052 AEueae
535 2993 666 3064 genennt
677 2992 865 3060 quemme
872 2997 960 3063 m'lxt,

142 3070 210 3141 uer
227 3087 263 3136 ut
275 3075 318 3133 ad
335 3087 453 3148 muros,
473 3066 604 3139 urbique
616 3061 778 3152 adratum
792 3074 900 3124 tum
929 3079 1030 3189 ὒὲξὲ
