2300 3600
191 382 242 434 1⁶6
382 376 414 433 P.
429 374 612 434 mauram·
623 372 811 431 MARONIS

188 471 371 596 {eamdUdum'
388 474 413 525 δι
428 472 523 524 frustra
535 488 615 523 cerno
628 484 655 523 te
668 471 777 523 tendere
786 466 895 521 contri.

215 544 366 603 lesieviam
376 543 456 595 velis.
473 560 507 593 an
516 541 547 595 fit
560 542 628 594 mihi
641 542 744 611 gratior
755 541 823 604 ulla,

191 616 297 686 Quae
306 613 395 682 magis
405 612 483 665 fessas
493 625 592 682 optem¹
599 612 737 666 dimittere
749 627 854 676 naues,¹
915 671 918 675 ,
989 669 992 678 ,

190 686 287 755 Qdm
295 701 356 752 quae
364 684 535 736 Dardanium
545 683 705 736 tellusmihi
714 684 802 735 servat
810 679 939 749 Acesten,
968 694 1005 749 p

190 756 229 809 Et
240 757 324 825 patris
334 754 464 806 Anchisae
475 755 580 824 gremio
589 752 846 825 complestiturossa
857 760 866 803 l

189 828 260 882 Haec
274 826 322 877 ubi
335 823 419 889 dieta,
436 838 535 896 petunt
549 836 660 895 portus:
679 826 705 877 dc
719 824 780 894 vela
793 821 907 878 secundi

190 896 341 949 intendunt
352 893 476 965 zephyri.
493 894 764 965 ferturcitagurgite
777 893 882 962 classis;

189 966 227 1019 Et
240 966 350 1018 tandem
363 965 421 1018 laeti
435 977 506 1018 notae
519 966 702 1018 advertuntur
713 981 812 1017 arenae.

188 1040 231 1091 At
245 1038 342 1108 procul
354 1034 463 1096 excelso
477 1036 590 1094 miratus
603 1036 706 1090 vertice
719 1036 820 1089 montis
969 1049 1004 1103 25

188 1107 355 1171 Adventum
368 1106 505 1174 sociasque
517 1115 599 1171 rates,
613 1106 733 1159 occurrit
744 1106 868 1171 Acestes,

125 1180 127 1184 ⁴
189 1178 325 1232 Horridus
338 1178 366 1230 in
375 1176 476 1242 jaculis
491 1177 516 1228 dc
530 1178 604 1247 pelle
618 1176 765 1245 Libystidis
775 1177 863 1229 urs'ae:

187 1249 278 1302 Troia
292 1248 397 1300 Criniso
410 1257 575 1316 conceptum
590 1247 703 1300 flumine
716 1258 803 1300 mater

188 1318 400 1391 Qemgenuit.
421 1315 518 1369 v'erutn
528 1334 585 1378 nou
594 1318 738 1370 immemor
749 1317 797 1370 ille
809 1325 956 1388 parentum

181 1388 324 1443 'Gratatur
332 1388 456 1453 reduces,
474 1389 499 1440 dc
509 1386 580 1458 gaza
592 1388 673 1440 laetus
686 1388 781 1458 agresti
875 1425 880 1434 -
966 1401 1004 1453 ρ

188 1460 314 1529 Excipit,
329 1475 360 1511 ac
372 1458 450 1510 sessos
463 1457 678 1528 opiboeisolatur
689 1459 794 1514 amicis.

225 1524 407 1584 Postera'cum
420 1528 509 1610 primo
520 1528 728 1603 dulduaoriente
741 1510 854 1600 sugant

190 1601 272 1656 Clara
284 1600 342 1653 dies
373 1600 459 1651 socios
471 1599 499 1651 in
507 1595 617 1661 ‚athi
630 1600 709 1652 litore
721 1602 756 1653 ab
769 1601 844 1655 omui

188 1673 321 1726 Advocat
331 1639 443 1734 lineas,
458 1657 615 1737 tumulique
628 1686 662 1722 ex
676 1687 773 1741 aggere
787 1671 878 1725 sature

189 1741 355 1798 Dardanidae
368 1740 470 1810 magni,
485 1757 572 1810 genus
582 1741 638 1792 alto
648 1758 664 1792 a
674 1740 922 1812 sanguinedivssm,
967 1756 1003 1811 45

189 1816 310 1866 Annuus
319 1811 423 1864 exadtis
436 1812 593 1881 completur
605 1813 740 1866 mensibus
751 1813 837 1881 orbis,
917 1822 920 1829 '

135 1940 139 1951 ¹
155 1882 161 1891 '
188 1884 232 1937 Ex
247 1896 302 1952 quo
314 1882 454 1950 relliquias
467 1882 610 1950 divinique
622 1884 676 1934 osia
688 1885 807 1954 parentis
917 1893 921 1901 ’

186 1955 372 2008 Condidimus
386 1951 466 2018 terra,
480 1953 641 2020 moestasque
655 1953 820 2006 sacravimus
830 1970 903 2014 aras,

187 2027 305 2093 ‚lamque
316 2025 374 2077 dies
388 2023 432 2092 (ni
443 2023 538 2091 fallor)
554 2024 636 2088 adest,
652 2041 733 2090 quern
743 2024 850 2094 semper
857 2025 1003 2090 acerbam,-
1029 2063 1033 2070 ·

188 2099 303 2166 Semper
315 2096 478 2148 honoratum
496 2095 546 2162 (lic
559 2094 590 2146 di
600 2094 738 2162 voluistis)
755 2096 874 2149 habebo.
964 2113 1000 2165 5⁰

188 2169 271 2220 Hunc
284 2170 346 2236 ego,
365 2165 487 2218 Gaetulis
500 2180 607 2234 agerem
620 2166 637 2216 sr
653 2166 778 2235 Syrtibus
790 2167 870 2232 exul,

188 2237 360 2307 Argolicove
373 2236 439 2289 mari
454 2235 612 2305 deprensus,
629 2237 655 2288 δι
665 2236 732 2288 urbe
744 2239 891 2305 Myceu23

188 2311 291 2365 Annua
304 2319 370 2360 vota
382 2319 473 2359 tamen
486 2306 672 2375 solemnesque
683 2307 777 2359 ordine
790 2323 907 2378 pompas
923 2285 947 2353 ir
956 2298 1039 2371 idid,

188 2379 362 2446 Exequerer;
379 2377 561 2445 strueremque
575 2377 630 2429 suis
642 2376 738 2429 altaria
749 2377 839 2431 donis.

187 2450 268 2502 Nunc
282 2448 356 2502 ultrb
368 2449 403 2500 ad
416 2448 518 2500 cineres
530 2447 614 2519 ipsius
628 2449 653 2500 8ι
666 2446 720 2499 ossa
732 2449 862 2533 parentis,
964 2460 997 2516 55

187 2519 271 2574 Haud
285 2519 413 2588 equidem
426 2518 479 2570 stne
491 2528 592 2584 mente,
607 2534 676 2584 reor,
693 2519 746 2570 fine
759 2520 871 2572 nurnine
882 2515 983 2572 divum

186 2589 341 2656 Adsumue,
356 2590 382 2642 dc
395 2599 490 2658 portus
502 2589 587 2642 delati
600 2589 732 2642 intramus
743 2590 857 2642 amicos.

186 2663 263 2730 Ergo
273 2660 355 2730 agite,
372 2661 398 2712 δι
409 2659 505 2712 laetum
515 2659 610 2713 cunfli
624 2659 794 2718 celebremus
802 2661 953 2714 honorem:

186 2732 450 2797 Poscamusventos3
464 2741 547 2799 atque
560 2731 621 2782 haec
634 2746 678 2782 me
691 2731 764 2782 sacra
776 2732 923 2797 quotannis

187 2801 340 2856 Urbevelit
352 2799 439 2872 positi
450 2800 562 2871 templis
575 2800 623 2852 fibi
637 2799 707 2853 serre
719 2801 828 2855 dicatis.
962 2802 996 2853 {a

148 2886 151 2892 ·
187 2874 256 2926 Bina
266 2873 351 2924 boum
365 2870 444 2923 vobis
453 2872 542 2937 Tr'ojd
555 2880 699 2940 generatus
710 2870 822 2924 Acestes

183 2944 243 2998 Dat
253 2959 365 2995 numero
379 2958 410 2994 ca
432 2941 470 2994 ita
482 2943 510 2994 in
522 2957 624 2994 naves:
642 2942 772 2994 adhibete
785 2942 902 2998 Penates

171 3014 217 3065 Et
223 3014 335 3085 patrios
348 2959 453 3087 epulis,
470 3014 495 3068 δι
510 3024 579 3084 quos
591 3012 659 3065 colit
670 3012 767 3082 hospes
778 3013 902 3069 Acestes.

155 3078 318 3157 Praetelea,
342 3087 455 3145 finonu
468 3086 548 3144 diem
556 3082 727 3141 mortalibus
736 3081 844 3138 almum
913 3152 1021 3202 hm
