2300 3600
190 388 242 454 24⁶
389 349 423 445 i.
442 387 619 446 vinoun
640 387 829 448 unuoms

188 480 401 552 Vulnificulque
411 484 527 554 chalybs
539 483 615 537 vastal
627 483 738 538 fornace
749 481 889 552 liquescit.

190 554 336 625 Ingentem
346 555 476 625 clypeum
489 554 649 622 informant,
663 572 752 609 unum
766 554 860 608 omnia
868 561 957 608 coutn

187 625 262 679 Tela
273 625 449 691 Latinorum3
466 625 645 696 septenosque
655 626 771 679 orbibus
777 625 860 678 orbes

189 694 361 765 Impediunt.
380 695 427 747 alii
440 696 558 749 ventosis
572 695 688 749 follibus
700 712 781 749 auras

187 766 344 837 Accipiunt
355 765 529 834 redduntque
542 789 549 834 3
568 767 617 820 alii
630 766 769 820 stridentia
781 766 893 837 tingunt
948 776 990 831 45⁰

187 839 259 891 AEra
272 837 333 890 lacu
346 858 352 889 :
375 836 462 906 gemit
475 837 607 907 impofitis
621 837 770 891 incudibus
779 847 900 891 anuum.

188 908 237 960 Illi
250 907 320 960 inter
331 906 386 959 sese
400 907 491 960 multst
504 909 532 961 vi
544 907 658 961 brachia
670 907 775 961 tollunt

188 978 223 1032 ln
235 992 391 1043 numerum,
405 980 569 1046 versantque
583 978 671 1032 tenaci
685 977 791 1049 forcipe
801 977 923 1033 massam.

224 1051 293 1101 Haec
304 1058 383 1117 pater
392 1048 495 1103 AEoliis
508 1066 558 1120 pro
580 1060 637 1102 erat
646 1049 714 1102 dum
722 1049 856 1103 Lemnius
865 1049 928 1117 oris,

189 1116 352 1172 Evandrum
362 1136 397 1173 ex
408 1119 508 1172 humili
521 1068 595 1183 cedo
608 1120 659 1172 lux
673 1118 786 1173 suscitat
798 1121 883 1188 alma,
949 1127 989 1182 455

177 1189 228 1252 ,Et
238 1188 368 1243 matutini
377 1191 526 1244 volucrum
538 1188 589 1243 sub
600 1190 722 1244 culmina
731 1200 840 1244 cantus.
986 1203 988 1208 ·

191 1260 341 1331 Consurgit
354 1260 451 1327 senior,
471 1259 621 1329 tunicisque
634 1261 777 1314 inducitur
789 1272 877 1329 artus,

190 1331 230 1383 Et
240 1331 385 1399 Tyrrhena
394 1333 498 1403 pedum
507 1332 663 1385 circumdat
673 1332 787 1385 vincula
799 1330 916 1401 plantis:

189 1404 270 1456 Tum
277 1398 356 1455 lateri
366 1415 448 1472 atque
461 1402 584 1456 humeris
593 1405 620 1455 T
623 1419 747 1473 egeaeum
756 1402 879 1473 subligat
887 1398 976 1461 ensem,

191 1471 313 1527 Demiffa
320 1473 354 1526 ab
363 1472 436 1526 laeval
450 1474 591 1544 pantherae
605 1485 681 1543 terga
694 1484 865 1540 retorquens.
893 1503 896 1509 ·
949 1469 989 1533 460

190 1543 250 1597 Nec
264 1555 319 1595 non¹
331 1545 356 1596 δι
369 1545 470 1614 gemini
483 1544 608 1597 custodes
619 1544 715 1596 limine
727 1544 762 1597 ab
775 1543 834 1596 alto

191 1614 359 1680 Procedunu
373 1615 546 1685 gressumque
559 1632 641 1674 canes
653 1615 821 1667 comitantur
833 1612 954 1668 herilem.

190 1684 316 1755 Hospitis
326 1688 425 1739 AEneae
438 1683 530 1739 sedem
545 1687 571 1737 dc
584 1684 688 1738 secreta
696 1684 821 1755 petebat,

191 1755 355 1810 Sermonum
368 1773 473 1810 memor
487 1758 512 1811 dc
526 1755 644 1826 promissi
657 1755 778 1810 muneris
790 1755 883 1810 heros.

190 1828 251 1881 Nec
265 1827 355 1880 minus
369 1830 472 1881 AEneas
485 1828 511 1880 se
524 1828 678 1880 matutinus
690 1827 801 1896 agebat.
951 1821 990 1887 465

193 1899 281 1951 Filius
295 1898 360 1950 huic
372 1898 471 1964 Pallas,
489 1899 531 1951 illi
544 1914 637 1950 comes
647 1899 705 1950 ibat
716 1898 853 1950 Achates.

193 1967 330 2038 Congressi
341 1970 463 2038 jungunt
474 1969 596 2033 dextras,
614 1967 765 2036 mediisque
777 1969 900 2021 residunt

192 2041 327 2104 AEdibus,
344 2042 370 2092 dc
383 2040 461 2093 licito
474 2039 586 2092 tandem
599 2039 719 2092 sermone
733 2038 876 2092 fruuntur.

229 2113 294 2164 Rex
306 2111 381 2180 prior
393 2112 453 2163 haec
467 2131 473 2164 τ

192 2181 618 2248 MaximeTeucrorumdustor‚
627 2197 682 2249 quo
692 2179 792 2251 sospite
802 2194 960 2249 numquam.

192 2254 250 2305 Res
263 2252 392 2319 equidem
402 2254 497 2318 Trojae
508 2252 596 2305 victas
609 2262 657 2305 aut
670 2268 751 2321 regna
765 2251 874 2304 fatebor
886 2274 893 2318 i
954 2260 991 2312 471

191 2325 282 2377 Nobis
291 2323 326 2374 ad
339 2323 406 2375 belli
419 2324 557 2376 auxilium
570 2341 620 2393 pro
634 2323 742 2375 nomine
755 2332 833 2374 tanto

192 2395 314 2464 Exiguae
328 2395 410 2446 vires
430 2394 493 2446 hinc
507 2395 602 2446 Tusco
615 2393 773 2446 claudimur
784 2393 869 2458 amni,
935 2428 943 2442 ,

192 2466 265 2517 Hinc
278 2464 403 2516 Rutulus
416 2464 527 2535 premit,
543 2467 568 2516 δι
583 2482 694 2516 murum
703 2463 886 2516 circumsonat
894 2457 980 2514 armis.

193 2536 247 2587 Sed
261 2535 311 2586 tibi
322 2551 374 2602 ego
387 2535 511 2604 ingentes
524 2536 644 2605 populos
656 2525 845 2604 opdlentaque
855 2532 944 2602 regnis
955 2541 994 2594 475

191 2607 312 2675 Jungere
326 2605 408 2656 castra
421 2623 486 2727 paro
498 2627 506 2673 ;
526 2624 609 2673 quam
621 2605 675 2656 fors
688 2604 799 2674 inopina
811 2604 930 2657 salutem

187 2678 331 2729 -Ostentatz
349 2675 412 2727 fatis

193 2747 277 2801 Haud
291 2746 388 2815 procul
402 2746 465 2797 hinc
476 2748 544 2799 saxo
557 2747 689 2798 incolitur
699 2745 815 2797 fundata
824 2744 932 2798 vetusto

193 2819 278 2871 Urbis
290 2815 432 2885 Agyllinae
443 2817 534 2884 sedes;
554 2818 603 2869 ubi
619 2817 707 2885 Lydia
719 2815 861 2884 quondam'

195 2891 283 2954 Gens,
302 2887 377 2939 bello
391 2887 533 2955 praeclara,
550 2887 626 2956 jugis
640 2886 737 2939 insedit
751 2885 888 2939 Etruscis.
957 2884 996 2946 480

180 2963 267 3015 Hanc
279 2959 387 3014 multos
403 2957 549 3012 florentem
560 2974 646 3010 annos
654 2974 705 3008 ren
714 2956 813 3009 deinde
824 2955 941 3027 superbo

169 3034 308 3107 Imperio
324 3032 452 3088 &saevis
467 3032 564 3086 tenuit
574 3028 743 3083 Mezentius
752 3025 847 3075 armis.

156 3108 251 3179 'Q'd
257 3118 434 3167 memorem
443 3105 586 3165 insanitas
598 3099 695 3156 caedes
701 3119 713 3163 3
724 3092 798 3164 quid
805 3091 886 3145 latta
896 3085 1002 3207 mx&

433 2692 481 2728 tue
494 2689 521 2734 te
535 2677 712 2746 poscentibus
724 2675 814 2727 affers.
