2300 3600
360 359 548 420 AEuurnos
568 361 645 417 mn.
666 363 721 417 xr.
899 380 949 430 303

130 456 204 514 Orsa
216 454 319 512 refert:
341 458 367 511 0
381 456 459 511 fama
467 458 572 527 ingens,
592 458 728 527 ingentior
739 454 831 519 armis,

127 527 183 581 vir
196 529 334 594 Troiane,
353 527 454 597 quibus
467 530 540 581 coelo
553 541 581 581 te
593 528 723 581 laudibus
735 532 860 594 aequem?
902 542 931 575 12
935 540 951 590 ς

122 597 139 663 J
144 598 286 652 ustitiaene
299 599 374 668 prins
391 600 472 651 mirer
484 600 587 652 belline
600 598 748 651 laborum?

121 665 187 722 Nos
202 670 271 722 verb
285 670 344 722 haec
358 670 474 739 patriam
487 670 557 738 grati
570 669 721 722 reseremus
734 668 768 720 ad
780 667 893 721 urbem:

120 738 165 794 Et
180 751 223 806 te,
244 740 332 807 siqua
343 742 418 793 viam
431 740 538 793 dederit
553 740 673 804 fortuna,
695 740 792 793 Latino

117 808 136 874 J
142 826 291 880 ungemus
302 811 370 880 regi.
389 823 494 879 quaerat
508 811 556 863 fibi
571 810 677 862 soedera
686 812 812 863 Tunius.

119 881 213 953 Qin
227 880 254 933 dc
268 880 365 933 fatales
379 898 520 934 murorum
535 881 661 933 attollere
676 882 771 953 moles,
902 893 951 943 13⁰

121 953 265 1019 Saxaque
276 950 436 1004 subveslare
450 951 571 1005 humeris
586 953 707 1016 Troiana
718 951 842 1016 juvabit.

117 1022 254 1079 Dixerat
262 1022 333 1088 ltaec,
344 1038 455 1089 unoque
465 1039 559 1075 omnes
569 1023 665 1074 eadem
675 1038 721 1073 ore
736 1020 900 1075 fremebant.

118 1093 178 1148 Bis
196 1090 275 1145 senos
287 1094 415 1164 pepigere
429 1094 497 1157 dieu
520 1094 546 1145 δι
561 1108 627 1162 pace
643 1091 775 1159 sequestra

117 1162 184 1217 Per
200 1162 292 1231 sylvas
300 1164 415 1229 Teucri,
436 1164 573 1230 mixtique
588 1162 700 1231 impune
715 1163 817 1228 Latini,

117 1232 271 1290 Erravere
281 1233 367 1302 jugis.
387 1234 459 1286 ferro
472 1233 546 1285 sonat
560 1232 615 1285 isla
629 1234 740 1303 bipenni
903 1248 953 1299 135

117 1304 290 1359 Fraxinus:
311 1314 439 1358 evertunt
452 1302 525 1357 aslas
539 1304 573 1355 ad
588 1304 672 1356 sidera
686 1303 782 1373 pinus:

117 1373 249 1432 Robora
261 1390 311 1427 nec
324 1375 429 1439 cuncis,
447 1376 473 1427 δι
486 1375 613 1426 olentum
627 1374 747 1426 scindere
761 1374 887 1441 cedrum,

117 1444 191 1501 Nec
207 1444 334 1516 plauslris
346 1445 446 1499 cessant
458 1443 568 1502 vestare
582 1446 757 1514 gementibus
769 1461 860 1497 omos.

165 1516 208 1569 Et
219 1516 279 1582 jam
292 1514 364 1568 sarna
376 1516 483 1580 volans,
498 1509 735 1585 tanti'praenuntia
747 1513 850 1579 suetus,

119 1585 299 1641 Evandrum
309 1586 486 1653 Evandrique
495 1585 880 1657 domos&moeniacomplet,
903 1595 955 1647 140

125 1660 211 1727 Qae
225 1657 309 1709 modo
321 1656 455 1711 vislorent
469 1655 548 1713 Latio
563 1656 688 1709 Pallanta
701 1655 818 1709 ferebat.

123 1727 262 1784 Arcades
275 1728 308 1779 ad
323 1738 414 1798 portas
427 1729 515 1791 ruere,
534 1728 559 1780 δι
573 1727 607 1778 de
619 1728 811 1780 morevetusto

127 1801 275 1854 Funereas
289 1814 402 1868 rapuere
417 1796 500 1852 saces.
521 1796 598 1850 lucet
611 1798 657 1849 via
670 1800 754 1870 longo

127 1869 242 1923 Ordine
258 1867 440 1933 damularum,
457 1870 483 1922 dr
497 1868 551 1921 late
564 1868 733 1923 discriminat
747 1887 837 1940 agros.

132 1939 246 1994 Contra
259 1941 341 2010 turba
355 1939 497 2008 Phrygum
507 1955 619 1992 veniens
632 1940 789 2009 plangentia
799 1943 920 2010 jungunt

132 2009 274 2079 Agmina.
292 2028 354 2079 quae
362 2011 510 2132 spostquam
524 2022 623 2062 matres
638 2011 781 2062 succedere
798 2010 878 2062 testis
907 2010 957 2072 146

132 2081 289 2144 Viderunt,
304 2097 358 2132 rnoe
382 2097 427 2133 am
440 2080 589 2151 incendunt
603 2081 770 2134 clamoribus
784 2083 891 2134 urbem.

135 2156 180 2207 At
195 2168 250 2202 non
264 2151 427 2205 Evandrum
439 2151 513 2221 potis
525 2151 561 2202 est
574 2150 618 2200 vis
632 2150 689 2202 ulla
702 2162 792 2204 tenere
805 2174 812 2216 3

137 2221 196 2277 Sed
209 2221 285 2273 venit
293 2221 327 2274 -in
340 2221 454 2274 medios.
476 2220 575 2274 seretro
592 2222 715 2273 Pallanta
727 2223 833 2291 reposto
865 2223 935 2286 [que
947 2242 965 2289 :¹

136 2290 295 2348 Procubuit
309 2291 399 2361 super,
420 2303 502 2359 atque
516 2293 601 2344 haret
618 2292 822 2361 lacrymansque
835 2289 959 2363 gemens-

137 2366 177 2418 Et
192 2362 239 2413 via
252 2362 300 2416 vix
315 2364 426 2414 tandem
439 2363 501 2413 voci
516 2363 609 2414 laxata
621 2362 716 2413 dolore
730 2363 783 2416 est:
909 2379 956 2428 151

135 2435 202 2491 Non
217 2433 299 2498 hac,
310 2433 327 2486 ὂ
340 2433 428 2497 Palla,
447 2433 563 2485 dederas
576 2433 703 2502 promissa
716 2432 833 2503 parenti,

137 2504 261 2560 Cautius
275 2515 305 2556 ut
319 2503 392 2556 saevo
405 2503 494 2555 velles
507 2518 534 2556 te
547 2503 658 2555 credere
673 2505 771 2557 Marti.

138 2573 227 2631 Haud
238 2574 347 2643 ignarus
357 2589 441 2638 eram,
457 2584 590 2639 quantum
602 2590 673 2625 nova
683 2575 771 2643 gloria
783 2573 913 2638 inarmis,

139 2648 179 2700 Et
194 2644 335 2715 praedulce
349 2644 434 2695 decus
447 2644 536 2714 primo
550 2643 697 2696 certamine
711 2645 807 2715 posset.
911 2661 959 2711 155

140 2715 277 2771 Primitiae
288 2715 400 2779 juvenis
413 2714 528 2779 miserae,
544 2715 668 2780 bellique
681 2715 828 2785 propinqui
869 2729 876 2743 ·

140 2791 224 2849 Dura
235 2785 401 2849 rudimenta,
422 2787 446 2837 ὃς
461 2784 531 2838 nulli
543 2785 677 2838 exaudita
689 2787 806 2839 deorum

140 2861 219 2911 Vota
234 2856 381 2926 precesque
395 2861 477 2908 mete!
500 2870 596 2925 tuque,
615 2853 632 2907 ὃ
645 2855 803 2909 sanctissima
815 2857 931 2921 conjux,

142 2928 227 2984 Felix
242 2938 329 2978 morte
342 2925 403 2990 tul,
419 2942 508 2991 neque
523 2927 549 2978 in
562 2927 636 2978 hunc
651 2926 756 2978 servata
768 2927 904 2978 dolorem!

143 2998 252 3052 Contra
265 3013 316 3066 ego
330 2997 451 3048 vivendo
465 2996 520 3047 vici
535 3012 595 3047 mea
609 2995 675 3061 sata,
697 2996 829 3067 superstes
916 2998 965 3045 160

142 3068 285 3127 Restarent
300 3079 333 3120 ut
341 3068 462 3139 genitor.
491 3067 608 3125 Troum
620 3068 698 3128 socia
706 3064 935 3123 armamentum

510 3141 571 3199 Μ
588 3161 606 3198 2
913 3126 1020 3173 Uom-
