2300 3600
390 359 635 416 ouonercon
655 361 730 416 nin.
747 361 772 414 1.
962 381 993 426 η

188 447 289 520 Ventos,
304 455 331 508 δι
345 453 456 508 varium
467 453 533 506 coeli
545 453 707 524 praediscere
719 469 824 508 morem

186 521 251 579 Cura
262 526 305 591 sit,
318 541 350 577 ac
363 524 468 594 patrios
480 523 628 592 cultusque
641 523 807 593 habitusque
820 521 957 587 locorum,

183 588 214 647 Et
226 595 292 664 quid
306 611 427 664 quaeque
440 594 509 648 serat
521 595 608 666 regio,
624 595 649 648 δι
662 593 730 663 quid
743 607 862 663 quaeque
875 593 992 649 recuset.

181 666 231 718 llic
244 666 358 736 segetes,
372 665 435 718 illic
446 665 561 719 veniunt
574 663 684 718 seliciits
697 681 780 720 uvae·

182 737 294 791 Arborei
308 735 398 790 soetns
409 736 488 802 alibi,
502 747 585 804 atque
598 735 696 802 injussa
707 705 847 788 virescunt
960 729 1027 802 ⁵5⁸⁸

180 807 318 862 Gramina.
339 823 428 860 nonne
437 806 528 872 vides,
541 821 652 860 croceos
664 820 696 859 ut
706 803 827 859 Tmolus
837 805 945 869 odores,
1006 795 1027 848 Υ

181 876 254 929 India
266 877 354 932 mittit
366 879 447 942 ebur,
461 876 559 932 molles
570 878 619 930 sua
632 889 694 930 tura
708 876 797 930 Sabaei
809 884 817 929 l

181 947 274 1002 Atch
322 949 382 1002 bs·
402 948 452 1002 udi
466 947 568 1000 sermm
594 945 737 1016 virosaque
751 948 856 1002 Pontus
1014 977 1027 1018 1,

179 1017 282 1072 castore
325 965 459 1072 laddum
471 1018 577 1090 palmas
613 1018 690 1090 pirus
699 1034 753 1086 equ
805 1012 1026 1137 murensi&

178 1087 316 1143 Continu'o
328 1089 378 1143 hae
390 1090 476 1160 legen,
491 1101 646 1157 aeternaque
660 1034 952 1142 ῐιῑάειῖεῃοτῐιέψῐωὸᾳ
995 1077 1027 1138 ⁶2

176 1158 312 1230 Imposuit
325 1161 432 1214 Natura
444 1158 531 1212 locis:
553 1177 610 1228 quo
623 1171 746 1230 ternpore
755 1157 880 1230 primum

175 1230 331 1284 Deucalion
340 1247 464 1284 vacuum
473 1223 579 1301 lapides
589 1227 706 1296 jasiavit
719 1227 874 1295 in-orbem3

175 1299 255 1353 Unde
267 1301 393 1355 homines
406 1300 462 1353 nati
475 1301 578 1354 durum
590 1315 697 1370 genus.¹
707 1315 773 1372 ergo
785 1297 847 1370 a'ge,
862 1311 940 1353 rerrae

175 1370 281 1441 Pingue
294 1371 385 1425 solum
398 1371 493 1442 primis
505 1370 647 1440 extemplo
661 1371 677 1424 i
690 1370 826 1426 mensibus
838 1370 902 1424 anni

174 1441 270 1495 Fortes
283 1442 422 1496 invertant
434 1441 517 1508 tauri,
537 1439 687 1512 glebasque
697 1437 820 1507 jacentes
961 1443 977 1492 6
980 1459 994 1508 5

175 1511 375 1566 Pulverulenta
386 1525 486 1580 coquat
499 1511 615 1565 maturis
628 1510 733 1566 solibus
746 1509 831 1566 aessas.

176 1585 216 1636 At
228 1583 248 1636 si
261 1600 316 1636 non
328 1582 413 1636 suerit
425 1582 511 1637 tellus
521 1581 664 1648 foecunda,
683 1581 734 1654 sub·
747 1579 755 1632 i
777 1581 838 1636 sum

174 1652 330 1706 Arilurum
342 1652 420 1708 tenui
432 1651 472 1708 sat
483 1653 535 1721 erit
549 1651 711 1733 suspendere
726 1597 802 1706 fuito
813 1669 822 1722 ς
839 1647 1003 1729 lffih'iaessl
1013 1665 1027 1689 τ

173 1713 574 1794 111i0,0fficnniaetn„erm
597 1709 871 1803 nusnennessffl⁴
891 1699 953 1750 “⁸¹⁴

172 1795 238 1861 Hic,
257 1793 345 1849 sterile
386 1793 562 1866 exiguusne¹
585 1795 671 1865 eserat
683 1794 785 1851 humor
796 1810 915 1849 arenam.
962 1806 995 1861 70

207 1866 335 1920 Alternis
346 1865 356 1919 i
376 1882 422 1927 em
433 1864 524 1919 tonsas
535 1864 634 1925 cessare
647 1864 770 1933 novales,

171 1938 209 1990 lit
221 1936 250 1990 se
288 1952 334 1989 em
347 1936 450 2007 patiere
462 1936 515 1997 iitu
527 1936 675 1991 durescere.
684 1952 824 2009 campum.

171 2010 234 2062 Aut
248 2008 256 2060 i
278 2008 288 2061 i
302 2006 376 2060 flava
388 2007 458 2061 seres
469 2018 579 2061 mutato
591 2007 675 2062 sidere
689 2005 769 2073 sura,

170 2078 252 2131 Unde
265 2076 455 2162 priuglaetum
468 2077 565 2146 siliqua
578 2077 669 2159 quassa
701 2092 716 2129 e
730 2072 871 2158 legumen,

171 2147 544 2215 Auttenuissoerusviciae,
563 2147 646 2201 trislis
710 2148 800 2217 lupini
961 2163 993 2215 75

170 2218 319 2272 sustuleris
332 2217 444 2288 fragiles
456 2218 577 2273 calamos
590 2218 751 2287 sylvamque
765 2216 916 2271 sonantem.
925 2218 991 2304 felia
1000 2200 1024 2271 st

169 2290 233 2343 Urit
245 2289 321 2343 enirn
334 2288 382 2341 lini
395 2305 527 2412 camfum
539 2289 625 2359 seges,
640 2288 695 2342 urit
707 2304 803 2343 avenae
815 2311 823 2357 ς

167 2361 261 2413 Urunt
275 2358 393 2413 Lethaeo
407 2376 455 2440 per
469 2358 519 2441 usn
529 2376 667 2482 pagavera
680 2359 784 2440 sonmo.

170 2431 223 2483 Sed
236 2441 331 2485 tamen
342 2429 454 2483 alternis
467 2428 557 2483 facilis
582 2430 667 2483 abor:
682 2428 759 2483 arida
771 2434 878 2485 tanturn

168 2501 211 2555 Ne
224 2501 345 2554 saturare
358 2500 423 2553 fimo
435 2499 534 2581 pingui
541 2500 651 2623 (gaudeat
665 2500 740 2569 sola3
756 2494 824 2555 ne've
959 2508 993 2556 so

167 2572 290 2627 Effoetos
302 2571 421 2623 cinerem
434 2588 540 2623 immun

168 2642 213 2703 ,sic
228 2659 284 2711 quo
305 2658 340 2693 ue
353 2640 467 2693 mutatis
480 2641 655 2709 requiescunt
669 2641 731 2695 soeti
753 2660 786 2697 us
799 2660 883 2698 arva:

166 2712 227 2766 Nec
241 2660 321 2765 nulia
333 2710 436 2764 interea
447 2711 483 2765 esi
496 2712 607 2765 inaratae
622 2712 709 2782 gratia
723 2724 814 2769 terrae.

165 2782 249 2853 Saepe
263 2782 347 2834 etiam
359 2782 460 2835 steriles
473 2782 616 2834 incendere
626 2780 736 2853 ¹prosuit
745 2801 836 2855 agros,

167 2854 266 2921 Atque
277 2852 368 2905 levem
378 2852 506 2923 stipulam
515 2852 715 2922 crepitantibus
723 2870 801 2907 urere
812 2854 945 2913 flammis:
959 2862 991 2923 85

165 2924 233 2976 Sive
247 2920 311 2976 inde
324 2922 450 2991 occultas
462 2924 545 2987 vires,
561 2924 587 2976 δι
601 2922 705 3003 pabula
718 2936 797 2977 terrae

167 2992 288 3063 Pinguia
300 2993 478 3071 concipiunt;
498 2994 555 3048 sve
567 2993 626 3049 illis
638 3011 720 3051 omne
733 2994 894 3073 perignem

154 3060 337 3125 Ewwitur
349 3061 459 3135 vitium,
474 3074 563 3139 atque
572 3070 702 3130 exsudat
714 3071 832 3131 inutilis
837 3070 948 3129 nunni
958 3089 971 3125 ·.

543 3142 573 3200 D
592 3165 611 3203 2
791 3166 794 3175 ¹
966 3142 1027 3195 ssell

561 2589 609 2623 um
619 2570 721 2637 jafilare
732 2588 784 2695 ger
796 2589 887 2643 agros.
