<?xml version="1.0" encoding="UTF-8"?>
<!DOCTYPE html PUBLIC "-//W3C//DTD XHTML 1.0 Transitional//EN"
    "http://www.w3.org/TR/xhtml1/DTD/xhtml1-transitional.dtd">
<html xmlns="http://www.w3.org/1999/xhtml" xml:lang="en" lang="en">
 <head>
  <title>
</title>
<meta http-equiv="Content-Type" content="text/html;charset=utf-8" />
  <meta name='ocr-system' content='tesseract 3.04.00' />
  <meta name='ocr-capabilities' content='ocr_page ocr_carea ocr_par ocr_line ocrx_word'/>
</head>
<body>
  <div class='ocr_page' id='page_1' title='image "./pvirgiliimaroni02marogoog_0287.png"; bbox 0 0 2300 3600; ppageno 0'>
   <div class='ocr_carea' id='block_1_1' title="bbox 291 316 991 427">
    <p class='ocr_par' dir='ltr' id='par_1_1' title="bbox 291 316 991 427">
     <span class='ocr_line' id='line_1_1' title="bbox 291 316 991 427; baseline 0 -24"><span class='ocrx_word' id='word_1_1' title='bbox 291 316 295 326; x_wconf 77' lang='grc'>’</span> <span class='ocrx_word' id='word_1_2' title='bbox 373 345 377 358; x_wconf 80' lang='grc'><strong>“</strong></span> <span class='ocrx_word' id='word_1_3' title='bbox 411 347 600 403; x_wconf 77' lang='lat' dir='ltr'>AEuarnos</span> <span class='ocrx_word' id='word_1_4' title='bbox 620 348 695 403; x_wconf 76' lang='lat' dir='ltr'>Lus.</span> <span class='ocrx_word' id='word_1_5' title='bbox 712 348 767 403; x_wconf 86' lang='lat' dir='ltr'>rx.</span> <span class='ocrx_word' id='word_1_6' title='bbox 941 368 991 427; x_wconf 57' lang='lat'>255»</span> 
     </span>
    </p>
   </div>
   <div class='ocr_carea' id='block_1_2' title="bbox 119 428 1004 3055">
    <p class='ocr_par' dir='ltr' id='par_1_2' title="bbox 170 428 972 584">
     <span class='ocr_line' id='line_1_2' title="bbox 170 428 946 511; baseline 0 -18"><span class='ocrx_word' id='word_1_7' title='bbox 170 436 344 507; x_wconf 83' lang='lat' dir='ltr'>Armatique</span> <span class='ocrx_word' id='word_1_8' title='bbox 357 439 433 493; x_wconf 85' lang='lat' dir='ltr'>cavis</span> <span class='ocrx_word' id='word_1_9' title='bbox 445 442 605 511; x_wconf 73' lang='lat' dir='ltr'>exspeelant</span> <span class='ocrx_word' id='word_1_10' title='bbox 618 442 740 496; x_wconf 89' lang='lat' dir='ltr'>turribus</span> <span class='ocrx_word' id='word_1_11' title='bbox 753 441 867 494; x_wconf 87' lang='lat' dir='ltr'>hostem.</span> <span class='ocrx_word' id='word_1_12' title='bbox 942 428 946 443; x_wconf 72' lang='lat'><em>’</em></span> 
     </span>
     <span class='ocr_line' id='line_1_3' title="bbox 207 507 972 584; baseline 0.003 -23"><span class='ocrx_word' id='word_1_13' title='bbox 207 511 334 582; x_wconf 84' lang='lat' dir='ltr'>Turnus,</span> <span class='ocrx_word' id='word_1_14' title='bbox 347 522 378 565; x_wconf 90' lang='lat' dir='ltr'>ut</span> <span class='ocrx_word' id='word_1_15' title='bbox 387 507 449 567; x_wconf 76' lang='lat' dir='ltr'>ante</span> <span class='ocrx_word' id='word_1_16' title='bbox 460 514 556 565; x_wconf 91' lang='lat' dir='ltr'>volans</span> <span class='ocrx_word' id='word_1_17' title='bbox 566 513 676 565; x_wconf 87' lang='lat' dir='ltr'>tardum</span> <span class='ocrx_word' id='word_1_18' title='bbox 686 513 855 584; x_wconf 63' lang='lat' dir='ltr'>praecesserat</span> <span class='ocrx_word' id='word_1_19' title='bbox 864 527 972 583; x_wconf 82' lang='lat' dir='ltr'>agmen,</span> 
     </span>
    </p>

    <p class='ocr_par' dir='ltr' id='par_1_3' title="bbox 167 579 808 650">
     <span class='ocr_line' id='line_1_4' title="bbox 167 579 808 650; baseline 0.006 -19"><span class='ocrx_word' id='word_1_20' title='bbox 167 579 282 649; x_wconf 87' lang='lat' dir='ltr'>Viginti</span> <span class='ocrx_word' id='word_1_21' title='bbox 295 581 374 634; x_wconf 70' lang='lat' dir='ltr'>lestis</span> <span class='ocrx_word' id='word_1_22' title='bbox 386 584 512 650; x_wconf 89' lang='lat' dir='ltr'>equitum</span> <span class='ocrx_word' id='word_1_23' title='bbox 525 584 683 649; x_wconf 88' lang='lat' dir='ltr'>comitatus,</span> <span class='ocrx_word' id='word_1_24' title='bbox 707 585 732 636; x_wconf 77' lang='grc' dir='ltr'>δι</span> <span class='ocrx_word' id='word_1_25' title='bbox 746 583 808 636; x_wconf 91' lang='lat' dir='ltr'>urbi</span> 
     </span>
    </p>

    <p class='ocr_par' dir='ltr' id='par_1_4' title="bbox 168 650 914 721">
     <span class='ocr_line' id='line_1_5' title="bbox 168 650 914 721; baseline 0.004 -19"><span class='ocrx_word' id='word_1_26' title='bbox 168 650 346 721; x_wconf 84' lang='lat' dir='ltr'>Improvisus</span> <span class='ocrx_word' id='word_1_27' title='bbox 359 653 444 706; x_wconf 86' lang='lat' dir='ltr'>adest:</span> <span class='ocrx_word' id='word_1_28' title='bbox 465 654 582 706; x_wconf 88' lang='lat' dir='ltr'>maculis</span> <span class='ocrx_word' id='word_1_29' title='bbox 595 670 677 721; x_wconf 89' lang='lat' dir='ltr'>quem</span> <span class='ocrx_word' id='word_1_30' title='bbox 690 654 829 709; x_wconf 81' lang='lat' dir='ltr'>Thracius</span> <span class='ocrx_word' id='word_1_31' title='bbox 843 653 914 709; x_wconf 91' lang='lat' dir='ltr'>albis</span> 
     </span>
    </p>

    <p class='ocr_par' dir='ltr' id='par_1_5' title="bbox 168 721 991 795">
     <span class='ocr_line' id='line_1_6' title="bbox 168 721 991 795; baseline 0.004 -19"><span class='ocrx_word' id='word_1_32' title='bbox 168 721 270 776; x_wconf 86' lang='lat' dir='ltr'>Portat</span> <span class='ocrx_word' id='word_1_33' title='bbox 282 738 380 789; x_wconf 87' lang='lat' dir='ltr'>equus,</span> <span class='ocrx_word' id='word_1_34' title='bbox 399 722 530 792; x_wconf 70' lang='lat' dir='ltr'>crillique</span> <span class='ocrx_word' id='word_1_35' title='bbox 544 725 611 795; x_wconf 86' lang='lat' dir='ltr'>tegit</span> <span class='ocrx_word' id='word_1_36' title='bbox 623 725 701 794; x_wconf 84' lang='lat' dir='ltr'>galea</span> <span class='ocrx_word' id='word_1_37' title='bbox 713 742 795 782; x_wconf 88' lang='lat' dir='ltr'>aurea</span> <span class='ocrx_word' id='word_1_38' title='bbox 808 724 900 777; x_wconf 69' lang='lat' dir='ltr'>rubri.</span> <span class='ocrx_word' id='word_1_39' title='bbox 955 741 991 791; x_wconf 78' lang='lat'>50</span> 
     </span>
    </p>

    <p class='ocr_par' dir='ltr' id='par_1_6' title="bbox 168 791 968 865">
     <span class='ocr_line' id='line_1_7' title="bbox 168 791 968 865; baseline 0.004 -20"><span class='ocrx_word' id='word_1_40' title='bbox 168 791 278 861; x_wconf 85' lang='lat' dir='ltr'>Ecquis</span> <span class='ocrx_word' id='word_1_41' title='bbox 291 794 342 846; x_wconf 89' lang='lat' dir='ltr'>erit</span> <span class='ocrx_word' id='word_1_42' title='bbox 353 811 472 861; x_wconf 88' lang='lat' dir='ltr'>mecum,</span> <span class='ocrx_word' id='word_1_43' title='bbox 485 794 613 861; x_wconf 87' lang='lat' dir='ltr'>juvenes,</span> <span class='ocrx_word' id='word_1_44' title='bbox 628 796 675 863; x_wconf 91' lang='lat' dir='ltr'>qui</span> <span class='ocrx_word' id='word_1_45' title='bbox 689 796 794 865; x_wconf 89' lang='lat' dir='ltr'>primus</span> <span class='ocrx_word' id='word_1_46' title='bbox 807 796 834 847; x_wconf 91' lang='lat' dir='ltr'>in</span> <span class='ocrx_word' id='word_1_47' title='bbox 847 796 968 848; x_wconf 75' lang='lat' dir='ltr'>hostem?</span> 
     </span>
    </p>

    <p class='ocr_par' dir='ltr' id='par_1_7' title="bbox 169 861 900 933">
     <span class='ocr_line' id='line_1_8' title="bbox 169 861 900 933; baseline 0.003 -18"><span class='ocrx_word' id='word_1_48' title='bbox 169 861 227 927; x_wconf 88' lang='lat' dir='ltr'>En,</span> <span class='ocrx_word' id='word_1_49' title='bbox 246 862 295 915; x_wconf 86' lang='lat' dir='ltr'>ait.</span> <span class='ocrx_word' id='word_1_50' title='bbox 319 865 344 916; x_wconf 74' lang='grc' dir='ltr'>δι</span> <span class='ocrx_word' id='word_1_51' title='bbox 355 864 482 931; x_wconf 90' lang='lat' dir='ltr'>jaculum</span> <span class='ocrx_word' id='word_1_52' title='bbox 494 876 653 933; x_wconf 84' lang='lat' dir='ltr'>attorquens</span> <span class='ocrx_word' id='word_1_53' title='bbox 666 866 767 918; x_wconf 86' lang='lat' dir='ltr'>emittit</span> <span class='ocrx_word' id='word_1_54' title='bbox 781 866 900 918; x_wconf 87' lang='lat' dir='ltr'>inauras</span> 
     </span>
    </p>

    <p class='ocr_par' dir='ltr' id='par_1_8' title="bbox 168 932 920 1005">
     <span class='ocr_line' id='line_1_9' title="bbox 168 932 920 1005; baseline 0.005 -20"><span class='ocrx_word' id='word_1_55' title='bbox 168 932 344 1003; x_wconf 86' lang='lat' dir='ltr'>Principium</span> <span class='ocrx_word' id='word_1_56' title='bbox 354 952 470 1005; x_wconf 77' lang='lat' dir='ltr'>pugnae3</span> <span class='ocrx_word' id='word_1_57' title='bbox 489 937 623 1005; x_wconf 84' lang='lat' dir='ltr'>&amp;campo</span> <span class='ocrx_word' id='word_1_58' title='bbox 634 936 687 988; x_wconf 90' lang='lat' dir='ltr'>sese</span> <span class='ocrx_word' id='word_1_59' title='bbox 700 936 803 989; x_wconf 87' lang='lat' dir='ltr'>arduus</span> <span class='ocrx_word' id='word_1_60' title='bbox 815 937 920 990; x_wconf 87' lang='lat' dir='ltr'>insert.·</span> 
     </span>
    </p>

    <p class='ocr_par' dir='ltr' id='par_1_9' title="bbox 169 1003 905 1076">
     <span class='ocr_line' id='line_1_10' title="bbox 169 1003 905 1076; baseline 0.003 -19"><span class='ocrx_word' id='word_1_61' title='bbox 169 1003 302 1057; x_wconf 88' lang='lat' dir='ltr'>Clamore</span> <span class='ocrx_word' id='word_1_62' title='bbox 315 1005 462 1076; x_wconf 85' lang='lat' dir='ltr'>excipiunt</span> <span class='ocrx_word' id='word_1_63' title='bbox 476 1006 551 1071; x_wconf 87' lang='lat' dir='ltr'>socii,</span> <span class='ocrx_word' id='word_1_64' title='bbox 571 1006 738 1075; x_wconf 84' lang='lat' dir='ltr'>fremituque</span> <span class='ocrx_word' id='word_1_65' title='bbox 752 1007 905 1074; x_wconf 86' lang='lat' dir='ltr'>sequuntur</span> 
     </span>
    </p>

    <p class='ocr_par' dir='ltr' id='par_1_10' title="bbox 169 1074 988 1147">
     <span class='ocr_line' id='line_1_11' title="bbox 169 1074 988 1147; baseline 0.005 -20"><span class='ocrx_word' id='word_1_66' title='bbox 169 1074 337 1129; x_wconf 86' lang='lat' dir='ltr'>Horrisono:</span> <span class='ocrx_word' id='word_1_67' title='bbox 353 1075 497 1130; x_wconf 85' lang='lat' dir='ltr'>Teucrslm</span> <span class='ocrx_word' id='word_1_68' title='bbox 510 1078 643 1131; x_wconf 86' lang='lat' dir='ltr'>mirantur</span> <span class='ocrx_word' id='word_1_69' title='bbox 655 1077 752 1131; x_wconf 89' lang='lat' dir='ltr'>inertia</span> <span class='ocrx_word' id='word_1_70' title='bbox 764 1076 866 1146; x_wconf 79' lang='lat' dir='ltr'>corda3</span> <span class='ocrx_word' id='word_1_71' title='bbox 953 1094 988 1147; x_wconf 79' lang='lat'>55</span> 
     </span>
    </p>

    <p class='ocr_par' dir='ltr' id='par_1_11' title="bbox 169 1145 812 1214">
     <span class='ocr_line' id='line_1_12' title="bbox 169 1145 812 1214; baseline 0.003 -15"><span class='ocrx_word' id='word_1_72' title='bbox 169 1145 235 1199; x_wconf 90' lang='lat' dir='ltr'>Non</span> <span class='ocrx_word' id='word_1_73' title='bbox 246 1163 326 1214; x_wconf 82' lang='lat' dir='ltr'>aequo</span> <span class='ocrx_word' id='word_1_74' title='bbox 339 1146 403 1201; x_wconf 87' lang='lat' dir='ltr'>dare</span> <span class='ocrx_word' id='word_1_75' title='bbox 416 1146 442 1199; x_wconf 89' lang='lat' dir='ltr'>se</span> <span class='ocrx_word' id='word_1_76' title='bbox 456 1164 516 1200; x_wconf 92' lang='lat' dir='ltr'>cam</span> <span class='ocrx_word' id='word_1_77' title='bbox 538 1164 564 1212; x_wconf 90' lang='lat' dir='ltr'>o,</span> <span class='ocrx_word' id='word_1_78' title='bbox 579 1164 633 1200; x_wconf 93' lang='lat' dir='ltr'>non</span> <span class='ocrx_word' id='word_1_79' title='bbox 645 1148 729 1201; x_wconf 87' lang='lat' dir='ltr'>obvia</span> <span class='ocrx_word' id='word_1_80' title='bbox 742 1147 812 1202; x_wconf 76' lang='lat' dir='ltr'>sene</span> 
     </span>
    </p>

    <p class='ocr_par' dir='ltr' id='par_1_12' title="bbox 170 1166 988 1286">
     <span class='ocr_line' id='line_1_13' title="bbox 170 1166 988 1286; baseline 0.006 -17"><span class='ocrx_word' id='word_1_81' title='bbox 170 1216 262 1269; x_wconf 79' lang='lat' dir='ltr'>Arma</span> <span class='ocrx_word' id='word_1_82' title='bbox 272 1217 356 1284; x_wconf 85' lang='lat' dir='ltr'>viros,</span> <span class='ocrx_word' id='word_1_83' title='bbox 368 1216 414 1270; x_wconf 88' lang='lat' dir='ltr'>sed</span> <span class='ocrx_word' id='word_1_84' title='bbox 424 1218 507 1271; x_wconf 85' lang='lat' dir='ltr'>casira</span> <span class='ocrx_word' id='word_1_85' title='bbox 515 1166 621 1271; x_wconf 64' lang='lat' dir='ltr'>lisvere.</span> <span class='ocrx_word' id='word_1_86' title='bbox 634 1218 689 1271; x_wconf 91' lang='lat' dir='ltr'>huc</span> <span class='ocrx_word' id='word_1_87' title='bbox 699 1218 829 1271; x_wconf 85' lang='lat' dir='ltr'>turbidus</span> <span class='ocrx_word' id='word_1_88' title='bbox 838 1228 920 1286; x_wconf 89' lang='lat' dir='ltr'>atque</span> <span class='ocrx_word' id='word_1_89' title='bbox 930 1218 988 1274; x_wconf 88' lang='lat' dir='ltr'>huc</span> 
     </span>
    </p>

    <p class='ocr_par' dir='ltr' id='par_1_13' title="bbox 169 1285 915 1369">
     <span class='ocr_line' id='line_1_14' title="bbox 169 1285 915 1369; baseline 0.005 -28"><span class='ocrx_word' id='word_1_90' title='bbox 169 1285 281 1341; x_wconf 83' lang='lat' dir='ltr'>Lustrat</span> <span class='ocrx_word' id='word_1_91' title='bbox 290 1302 363 1369; x_wconf 87' lang='lat' dir='ltr'>equo</span> <span class='ocrx_word' id='word_1_92' title='bbox 375 1288 479 1355; x_wconf 79' lang='lat' dir='ltr'>muros,</span> <span class='ocrx_word' id='word_1_93' title='bbox 492 1288 655 1357; x_wconf 81' lang='lat' dir='ltr'>aditumque</span> <span class='ocrx_word' id='word_1_94' title='bbox 669 1306 718 1360; x_wconf 90' lang='lat' dir='ltr'>per</span> <span class='ocrx_word' id='word_1_95' title='bbox 729 1289 792 1343; x_wconf 85' lang='lat' dir='ltr'>avia</span> <span class='ocrx_word' id='word_1_96' title='bbox 804 1289 915 1356; x_wconf 75' lang='lat' dir='ltr'>quatit.</span> 
     </span>
    </p>

    <p class='ocr_par' dir='ltr' id='par_1_14' title="bbox 169 1358 763 1440">
     <span class='ocr_line' id='line_1_15' title="bbox 169 1358 763 1440; baseline 0 -29"><span class='ocrx_word' id='word_1_97' title='bbox 169 1358 218 1411; x_wconf 80' lang='lat' dir='ltr'>Ac</span> <span class='ocrx_word' id='word_1_98' title='bbox 230 1358 321 1411; x_wconf 81' lang='lat' dir='ltr'>velun</span> <span class='ocrx_word' id='word_1_99' title='bbox 333 1359 418 1440; x_wconf 87' lang='lat' dir='ltr'>pleno</span> <span class='ocrx_word' id='word_1_100' title='bbox 431 1358 516 1430; x_wconf 91' lang='lat' dir='ltr'>lupus</span> <span class='ocrx_word' id='word_1_101' title='bbox 529 1359 670 1417; x_wconf 75' lang='lat' dir='ltr'>iusidiatos</span> <span class='ocrx_word' id='word_1_102' title='bbox 683 1359 763 1424; x_wconf 85' lang='lat' dir='ltr'>ovili,</span> 
     </span>
    </p>

    <p class='ocr_par' dir='ltr' id='par_1_15' title="bbox 170 1427 990 1501">
     <span class='ocr_line' id='line_1_16' title="bbox 170 1427 990 1501; baseline 0.004 -21"><span class='ocrx_word' id='word_1_103' title='bbox 170 1427 247 1481; x_wconf 78' lang='lat' dir='ltr'>Cum</span> <span class='ocrx_word' id='word_1_104' title='bbox 261 1427 353 1482; x_wconf 78' lang='lat' dir='ltr'>fremit</span> <span class='ocrx_word' id='word_1_105' title='bbox 366 1430 401 1482; x_wconf 90' lang='lat' dir='ltr'>ad</span> <span class='ocrx_word' id='word_1_106' title='bbox 413 1429 517 1495; x_wconf 88' lang='lat' dir='ltr'>caulas,</span> <span class='ocrx_word' id='word_1_107' title='bbox 529 1430 773 1501; x_wconf 85' lang='lat' dir='ltr'>ventosperpellus</span> <span class='ocrx_word' id='word_1_108' title='bbox 784 1430 811 1483; x_wconf 75' lang='lat' dir='ltr'>dr</span> <span class='ocrx_word' id='word_1_109' title='bbox 821 1428 933 1501; x_wconf 88' lang='lat' dir='ltr'>imbres,</span> <span class='ocrx_word' id='word_1_110' title='bbox 952 1432 990 1489; x_wconf 83' lang='lat'>60</span> 
     </span>
    </p>

    <p class='ocr_par' dir='ltr' id='par_1_16' title="bbox 167 1496 833 1572">
     <span class='ocr_line' id='line_1_17' title="bbox 167 1496 833 1572; baseline 0.002 -19"><span class='ocrx_word' id='word_1_111' title='bbox 167 1496 260 1553; x_wconf 73' lang='lat' dir='ltr'>Neue</span> <span class='ocrx_word' id='word_1_112' title='bbox 273 1498 355 1571; x_wconf 86' lang='lat' dir='ltr'>super</span> <span class='ocrx_word' id='word_1_113' title='bbox 366 1498 471 1568; x_wconf 69' lang='lat' dir='ltr'>medi53</span> <span class='ocrx_word' id='word_1_114' title='bbox 491 1500 546 1572; x_wconf 84' lang='lat' dir='ltr'>tuti</span> <span class='ocrx_word' id='word_1_115' title='bbox 559 1500 611 1554; x_wconf 91' lang='lat' dir='ltr'>sub</span> <span class='ocrx_word' id='word_1_116' title='bbox 622 1500 759 1557; x_wconf 85' lang='lat' dir='ltr'>matribus</span> <span class='ocrx_word' id='word_1_117' title='bbox 769 1502 833 1572; x_wconf 84' lang='lat' dir='ltr'>agni</span> 
     </span>
    </p>

    <p class='ocr_par' dir='ltr' id='par_1_17' title="bbox 169 1567 868 1643">
     <span class='ocr_line' id='line_1_18' title="bbox 169 1567 868 1643; baseline 0.01 -22"><span class='ocrx_word' id='word_1_118' title='bbox 169 1567 302 1623; x_wconf 74' lang='lat' dir='ltr'>balatum</span> <span class='ocrx_word' id='word_1_119' title='bbox 314 1581 443 1626; x_wconf 80' lang='lat' dir='ltr'>exercent</span> <span class='ocrx_word' id='word_1_120' title='bbox 454 1592 463 1638; x_wconf 78' lang='lat'><em>3</em></span> <span class='ocrx_word' id='word_1_121' title='bbox 479 1570 527 1623; x_wconf 89' lang='lat' dir='ltr'>ille</span> <span class='ocrx_word' id='word_1_122' title='bbox 539 1570 619 1642; x_wconf 84' lang='lat' dir='ltr'>asper</span> <span class='ocrx_word' id='word_1_123' title='bbox 631 1572 656 1625; x_wconf 76' lang='grc' dir='ltr'>δι</span> <span class='ocrx_word' id='word_1_124' title='bbox 670 1571 814 1643; x_wconf 89' lang='lat' dir='ltr'>improbus</span> <span class='ocrx_word' id='word_1_125' title='bbox 825 1568 868 1629; x_wconf 76' lang='lat' dir='ltr'>ira</span> 
     </span>
    </p>

    <p class='ocr_par' dir='ltr' id='par_1_18' title="bbox 170 1640 812 1712">
     <span class='ocr_line' id='line_1_19' title="bbox 170 1640 812 1712; baseline 0.006 -21"><span class='ocrx_word' id='word_1_126' title='bbox 170 1640 260 1694; x_wconf 82' lang='lat' dir='ltr'>Saevit</span> <span class='ocrx_word' id='word_1_127' title='bbox 273 1642 300 1694; x_wconf 89' lang='lat' dir='ltr'>in</span> <span class='ocrx_word' id='word_1_128' title='bbox 312 1640 450 1695; x_wconf 85' lang='lat' dir='ltr'>absentes:</span> <span class='ocrx_word' id='word_1_129' title='bbox 471 1640 590 1695; x_wconf 74' lang='lat' dir='ltr'>collesia</span> <span class='ocrx_word' id='word_1_130' title='bbox 602 1641 700 1712; x_wconf 78' lang='lat' dir='ltr'>fatigat</span> <span class='ocrx_word' id='word_1_131' title='bbox 712 1642 812 1696; x_wconf 87' lang='lat' dir='ltr'>edendi</span> 
     </span>
    </p>

    <p class='ocr_par' dir='ltr' id='par_1_19' title="bbox 168 1710 827 1783">
     <span class='ocr_line' id='line_1_20' title="bbox 168 1710 827 1783; baseline 0.002 -18"><span class='ocrx_word' id='word_1_132' title='bbox 168 1710 215 1765; x_wconf 85' lang='lat' dir='ltr'>Ex</span> <span class='ocrx_word' id='word_1_133' title='bbox 230 1711 315 1782; x_wconf 89' lang='lat' dir='ltr'>longo</span> <span class='ocrx_word' id='word_1_134' title='bbox 326 1710 425 1777; x_wconf 89' lang='lat' dir='ltr'>rabies,</span> <span class='ocrx_word' id='word_1_135' title='bbox 444 1713 470 1764; x_wconf 75' lang='grc' dir='ltr'>δε</span> <span class='ocrx_word' id='word_1_136' title='bbox 483 1712 560 1765; x_wconf 84' lang='lat' dir='ltr'>ficcae</span> <span class='ocrx_word' id='word_1_137' title='bbox 574 1711 704 1783; x_wconf 87' lang='lat' dir='ltr'>sanguine</span> <span class='ocrx_word' id='word_1_138' title='bbox 718 1712 827 1767; x_wconf 73' lang='lat' dir='ltr'>saucest</span> 
     </span>
    </p>

    <p class='ocr_par' dir='ltr' id='par_1_20' title="bbox 168 1782 989 1854">
     <span class='ocr_line' id='line_1_21' title="bbox 168 1782 989 1854; baseline -0.001 -17"><span class='ocrx_word' id='word_1_139' title='bbox 168 1782 257 1837; x_wconf 86' lang='lat' dir='ltr'>Haud</span> <span class='ocrx_word' id='word_1_140' title='bbox 268 1782 349 1837; x_wconf 84' lang='lat' dir='ltr'>aliter</span> <span class='ocrx_word' id='word_1_141' title='bbox 361 1782 481 1849; x_wconf 88' lang='lat' dir='ltr'>Rutulo,</span> <span class='ocrx_word' id='word_1_142' title='bbox 497 1799 592 1838; x_wconf 87' lang='lat' dir='ltr'>muros</span> <span class='ocrx_word' id='word_1_143' title='bbox 606 1784 632 1836; x_wconf 73' lang='lat' dir='ltr'>lic</span> <span class='ocrx_word' id='word_1_144' title='bbox 642 1784 726 1836; x_wconf 85' lang='lat' dir='ltr'>casira</span> <span class='ocrx_word' id='word_1_145' title='bbox 738 1784 838 1853; x_wconf 86' lang='lat' dir='ltr'>tuenti,</span> <span class='ocrx_word' id='word_1_146' title='bbox 952 1782 970 1836; x_wconf 84' lang='lat'>6</span> <span class='ocrx_word' id='word_1_147' title='bbox 972 1799 989 1854; x_wconf 71' lang='grc' dir='ltr'><strong><em>ς</em></strong></span> 
     </span>
    </p>

    <p class='ocr_par' dir='ltr' id='par_1_21' title="bbox 169 1853 799 1923">
     <span class='ocr_line' id='line_1_22' title="bbox 169 1853 799 1923; baseline -0.003 -15"><span class='ocrx_word' id='word_1_148' title='bbox 169 1853 322 1923; x_wconf 85' lang='lat' dir='ltr'>Ignescunt</span> <span class='ocrx_word' id='word_1_149' title='bbox 335 1855 398 1908; x_wconf 84' lang='lat' dir='ltr'>irae:</span> <span class='ocrx_word' id='word_1_150' title='bbox 414 1853 491 1907; x_wconf 89' lang='lat' dir='ltr'>duris</span> <span class='ocrx_word' id='word_1_151' title='bbox 503 1854 584 1907; x_wconf 90' lang='lat' dir='ltr'>dolor</span> <span class='ocrx_word' id='word_1_152' title='bbox 595 1855 694 1907; x_wconf 85' lang='lat' dir='ltr'>ossibus</span> <span class='ocrx_word' id='word_1_153' title='bbox 707 1855 799 1923; x_wconf 88' lang='lat' dir='ltr'>ardet;</span> 
     </span>
    </p>

    <p class='ocr_par' dir='ltr' id='par_1_22' title="bbox 168 1921 865 2001">
     <span class='ocr_line' id='line_1_23' title="bbox 168 1921 865 2001; baseline 0.001 -24"><span class='ocrx_word' id='word_1_154' title='bbox 168 1921 239 1992; x_wconf 59' lang='lat' dir='ltr'>Q&amp;</span> <span class='ocrx_word' id='word_1_155' title='bbox 251 1935 338 1978; x_wconf 89' lang='lat' dir='ltr'>tentet</span> <span class='ocrx_word' id='word_1_156' title='bbox 351 1925 454 1979; x_wconf 87' lang='lat' dir='ltr'>ratione</span> <span class='ocrx_word' id='word_1_157' title='bbox 467 1925 568 1992; x_wconf 88' lang='lat' dir='ltr'>aditus,</span> <span class='ocrx_word' id='word_1_158' title='bbox 592 1927 618 1978; x_wconf 76' lang='grc' dir='ltr'>δι</span> <span class='ocrx_word' id='word_1_159' title='bbox 631 1928 687 1993; x_wconf 65' lang='lat' dir='ltr'>quit</span> <span class='ocrx_word' id='word_1_160' title='bbox 699 1926 746 1977; x_wconf 91' lang='lat' dir='ltr'>via</span> <span class='ocrx_word' id='word_1_161' title='bbox 757 1925 865 2001; x_wconf 79' lang='lat' dir='ltr'>clausqs</span> 
     </span>
    </p>

    <p class='ocr_par' dir='ltr' id='par_1_23' title="bbox 167 1994 1004 2064">
     <span class='ocr_line' id='line_1_24' title="bbox 167 1994 1004 2064; baseline -0.001 -15"><span class='ocrx_word' id='word_1_162' title='bbox 167 1994 307 2049; x_wconf 83' lang='lat' dir='ltr'>Excutiat</span> <span class='ocrx_word' id='word_1_163' title='bbox 317 1997 442 2050; x_wconf 88' lang='lat' dir='ltr'>Teucros</span> <span class='ocrx_word' id='word_1_164' title='bbox 452 1996 538 2060; x_wconf 86' lang='lat' dir='ltr'>vallo,</span> <span class='ocrx_word' id='word_1_165' title='bbox 553 2007 637 2064; x_wconf 85' lang='lat' dir='ltr'>atque</span> <span class='ocrx_word' id='word_1_166' title='bbox 649 1996 773 2052; x_wconf 87' lang='lat' dir='ltr'>effundat</span> <span class='ocrx_word' id='word_1_167' title='bbox 786 1998 814 2049; x_wconf 94' lang='lat' dir='ltr'>in</span> <span class='ocrx_word' id='word_1_168' title='bbox 827 2011 932 2064; x_wconf 78' lang='lat' dir='ltr'>aequor.</span> <span class='ocrx_word' id='word_1_169' title='bbox 1001 2025 1004 2030; x_wconf 88' lang='lat'><em>·</em></span> 
     </span>
    </p>

    <p class='ocr_par' dir='ltr' id='par_1_24' title="bbox 169 2061 904 2134">
     <span class='ocr_line' id='line_1_25' title="bbox 169 2061 904 2134; baseline -0.001 -15"><span class='ocrx_word' id='word_1_170' title='bbox 169 2065 302 2132; x_wconf 83' lang='lat' dir='ltr'>Classem,</span> <span class='ocrx_word' id='word_1_171' title='bbox 319 2082 380 2134; x_wconf 84' lang='lat' dir='ltr'>quae</span> <span class='ocrx_word' id='word_1_172' title='bbox 394 2067 471 2119; x_wconf 89' lang='lat' dir='ltr'>lateri</span> <span class='ocrx_word' id='word_1_173' title='bbox 485 2067 634 2118; x_wconf 85' lang='lat' dir='ltr'>castrorum</span> <span class='ocrx_word' id='word_1_174' title='bbox 646 2066 776 2132; x_wconf 65' lang='lat' dir='ltr'>adjunfiia</span> <span class='ocrx_word' id='word_1_175' title='bbox 788 2061 904 2131; x_wconf 90' lang='lat' dir='ltr'>latebat,</span> 
     </span>
    </p>

    <p class='ocr_par' dir='ltr' id='par_1_25' title="bbox 169 2136 986 2208">
     <span class='ocr_line' id='line_1_26' title="bbox 169 2136 986 2208; baseline -0.005 -15"><span class='ocrx_word' id='word_1_176' title='bbox 169 2136 334 2206; x_wconf 80' lang='lat' dir='ltr'>Aggeribus</span> <span class='ocrx_word' id='word_1_177' title='bbox 347 2137 451 2208; x_wconf 88' lang='lat' dir='ltr'>septam</span> <span class='ocrx_word' id='word_1_178' title='bbox 459 2138 565 2190; x_wconf 75' lang='lat' dir='ltr'>circum</span> <span class='ocrx_word' id='word_1_179' title='bbox 580 2138 604 2188; x_wconf 73' lang='grc' dir='ltr'>δι</span> <span class='ocrx_word' id='word_1_180' title='bbox 621 2137 783 2193; x_wconf 82' lang='lat' dir='ltr'>fluvialibus</span> <span class='ocrx_word' id='word_1_181' title='bbox 795 2137 887 2204; x_wconf 86' lang='lat' dir='ltr'>undis,</span> <span class='ocrx_word' id='word_1_182' title='bbox 953 2152 986 2203; x_wconf 78' lang='lat'>7⁰</span> 
     </span>
    </p>

    <p class='ocr_par' dir='ltr' id='par_1_26' title="bbox 167 2207 842 2277">
     <span class='ocr_line' id='line_1_27' title="bbox 167 2207 842 2277; baseline -0.003 -15"><span class='ocrx_word' id='word_1_183' title='bbox 167 2207 285 2262; x_wconf 83' lang='lat' dir='ltr'>Invadit</span> <span class='ocrx_word' id='word_1_184' title='bbox 297 2229 304 2274; x_wconf 78' lang='lat'>3</span> <span class='ocrx_word' id='word_1_185' title='bbox 323 2208 461 2276; x_wconf 84' lang='lat' dir='ltr'>sociosque</span> <span class='ocrx_word' id='word_1_186' title='bbox 475 2207 600 2260; x_wconf 86' lang='lat' dir='ltr'>incendia</span> <span class='ocrx_word' id='word_1_187' title='bbox 613 2207 701 2277; x_wconf 90' lang='lat' dir='ltr'>poscit</span> <span class='ocrx_word' id='word_1_188' title='bbox 714 2219 842 2260; x_wconf 86' lang='lat' dir='ltr'>ovantes:</span> 
     </span>
    </p>

    <p class='ocr_par' dir='ltr' id='par_1_27' title="bbox 158 2277 873 2348">
     <span class='ocr_line' id='line_1_28' title="bbox 158 2277 873 2348; baseline 0 -17"><span class='ocrx_word' id='word_1_189' title='bbox 158 2279 270 2346; x_wconf 65' lang='lat' dir='ltr'>Atque</span> <span class='ocrx_word' id='word_1_190' title='bbox 280 2295 392 2332; x_wconf 91' lang='lat' dir='ltr'>manum</span> <span class='ocrx_word' id='word_1_191' title='bbox 404 2280 471 2348; x_wconf 90' lang='lat' dir='ltr'>pinu</span> <span class='ocrx_word' id='word_1_192' title='bbox 487 2277 612 2348; x_wconf 80' lang='lat' dir='ltr'>flagranti</span> <span class='ocrx_word' id='word_1_193' title='bbox 627 2277 750 2329; x_wconf 78' lang='lat' dir='ltr'>fervidus</span> <span class='ocrx_word' id='word_1_194' title='bbox 764 2278 873 2348; x_wconf 90' lang='lat' dir='ltr'>implet.</span> 
     </span>
    </p>

    <p class='ocr_par' dir='ltr' id='par_1_28' title="bbox 119 2347 938 2418">
     <span class='ocr_line' id='line_1_29' title="bbox 119 2347 938 2418; baseline 0.001 -16"><span class='ocrx_word' id='word_1_195' title='bbox 119 2369 130 2380; x_wconf 87' lang='lat'><strong>·</strong></span> <span class='ocrx_word' id='word_1_196' title='bbox 168 2349 251 2402; x_wconf 89' lang='lat' dir='ltr'>Tum</span> <span class='ocrx_word' id='word_1_197' title='bbox 264 2349 331 2402; x_wconf 82' lang='lat' dir='ltr'>verb</span> <span class='ocrx_word' id='word_1_198' title='bbox 342 2349 522 2416; x_wconf 86' lang='lat' dir='ltr'>incumbunt;</span> <span class='ocrx_word' id='word_1_199' title='bbox 542 2362 623 2418; x_wconf 85' lang='lat' dir='ltr'>urget</span> <span class='ocrx_word' id='word_1_200' title='bbox 636 2347 895 2418; x_wconf 71' lang='lat' dir='ltr'>praesentiaTurui:</span> <span class='ocrx_word' id='word_1_201' title='bbox 934 2398 938 2417; x_wconf 29' lang='grc' dir='ltr'><strong>Χ</strong></span> 
     </span>
    </p>

    <p class='ocr_par' dir='ltr' id='par_1_29' title="bbox 133 2416 843 2488">
     <span class='ocr_line' id='line_1_30' title="bbox 133 2416 843 2488; baseline -0.003 -15"><span class='ocrx_word' id='word_1_202' title='bbox 133 2468 135 2473; x_wconf 95' lang='grc'>.</span> <span class='ocrx_word' id='word_1_203' title='bbox 169 2421 270 2486; x_wconf 83' lang='lat' dir='ltr'>Atque</span> <span class='ocrx_word' id='word_1_204' title='bbox 283 2420 371 2473; x_wconf 89' lang='lat' dir='ltr'>omnis</span> <span class='ocrx_word' id='word_1_205' title='bbox 384 2416 491 2477; x_wconf 82' lang='lat' dir='ltr'>facibus</span> <span class='ocrx_word' id='word_1_206' title='bbox 505 2420 593 2488; x_wconf 83' lang='lat' dir='ltr'>pubes</span> <span class='ocrx_word' id='word_1_207' title='bbox 606 2419 760 2488; x_wconf 80' lang='lat' dir='ltr'>accingitur</span> <span class='ocrx_word' id='word_1_208' title='bbox 768 2420 843 2472; x_wconf 82' lang='lat' dir='ltr'>atris.</span> 
     </span>
    </p>

    <p class='ocr_par' dir='ltr' id='par_1_30' title="bbox 169 2489 986 2562">
     <span class='ocr_line' id='line_1_31' title="bbox 169 2489 986 2562; baseline 0 -17"><span class='ocrx_word' id='word_1_209' title='bbox 169 2489 234 2545; x_wconf 89' lang='lat' dir='ltr'>Diri</span> <span class='ocrx_word' id='word_1_210' title='bbox 257 2489 321 2542; x_wconf 71' lang='lat' dir='ltr'>udre</span> <span class='ocrx_word' id='word_1_211' title='bbox 332 2489 424 2543; x_wconf 87' lang='lat' dir='ltr'>socos:</span> <span class='ocrx_word' id='word_1_212' title='bbox 441 2490 552 2560; x_wconf 87' lang='lat' dir='ltr'>piceum</span> <span class='ocrx_word' id='word_1_213' title='bbox 565 2489 619 2543; x_wconf 87' lang='lat' dir='ltr'>sert</span> <span class='ocrx_word' id='word_1_214' title='bbox 632 2489 739 2542; x_wconf 88' lang='lat' dir='ltr'>fumida</span> <span class='ocrx_word' id='word_1_215' title='bbox 752 2490 847 2545; x_wconf 84' lang='lat' dir='ltr'>lurneu</span> <span class='ocrx_word' id='word_1_216' title='bbox 933 2502 934 2507; x_wconf 78' lang='grc'>’</span> <span class='ocrx_word' id='word_1_217' title='bbox 954 2506 967 2554; x_wconf 90' lang='lat'><em>7</em></span> <span class='ocrx_word' id='word_1_218' title='bbox 971 2508 986 2562; x_wconf 79' lang='lat'>5</span> 
     </span>
    </p>

    <p class='ocr_par' dir='ltr' id='par_1_31' title="bbox 167 2560 936 2701">
     <span class='ocr_line' id='line_1_32' title="bbox 167 2560 936 2624; baseline -0.003 -10"><span class='ocrx_word' id='word_1_219' title='bbox 167 2561 224 2614; x_wconf 83' lang='lat' dir='ltr'>Tae</span> <span class='ocrx_word' id='word_1_220' title='bbox 247 2577 273 2624; x_wconf 87' lang='lat' dir='ltr'>a,</span> <span class='ocrx_word' id='word_1_221' title='bbox 292 2561 318 2614; x_wconf 71' lang='grc' dir='ltr'>ὅτ</span> <span class='ocrx_word' id='word_1_222' title='bbox 331 2561 510 2613; x_wconf 83' lang='lat' dir='ltr'>commixtam</span> <span class='ocrx_word' id='word_1_223' title='bbox 520 2560 662 2616; x_wconf 86' lang='lat' dir='ltr'>Vulcanus</span> <span class='ocrx_word' id='word_1_224' title='bbox 675 2561 709 2616; x_wconf 93' lang='lat' dir='ltr'>ad</span> <span class='ocrx_word' id='word_1_225' title='bbox 722 2562 788 2613; x_wconf 84' lang='lat' dir='ltr'>astra</span> <span class='ocrx_word' id='word_1_226' title='bbox 800 2560 936 2613; x_wconf 84' lang='lat' dir='ltr'>favillam.</span> 
     </span>
     <span class='ocr_line' id='line_1_33' title="bbox 207 2631 934 2701; baseline 0.007 -19"><span class='ocrx_word' id='word_1_227' title='bbox 207 2631 281 2701; x_wconf 80' lang='lat' dir='ltr'>Qis</span> <span class='ocrx_word' id='word_1_228' title='bbox 291 2631 369 2696; x_wconf 86' lang='lat' dir='ltr'>deus,</span> <span class='ocrx_word' id='word_1_229' title='bbox 384 2631 514 2697; x_wconf 62' lang='lat' dir='ltr'>sulum,</span> <span class='ocrx_word' id='word_1_230' title='bbox 531 2642 588 2684; x_wconf 86' lang='lat' dir='ltr'>tarn</span> <span class='ocrx_word' id='word_1_231' title='bbox 597 2631 670 2685; x_wconf 70' lang='lat' dir='ltr'>saeva</span> <span class='ocrx_word' id='word_1_232' title='bbox 682 2632 806 2684; x_wconf 89' lang='lat' dir='ltr'>incendia</span> <span class='ocrx_word' id='word_1_233' title='bbox 815 2632 934 2687; x_wconf 84' lang='lat' dir='ltr'>Teucris</span> 
     </span>
    </p>

    <p class='ocr_par' dir='ltr' id='par_1_32' title="bbox 169 2701 826 2771">
     <span class='ocr_line' id='line_1_34' title="bbox 169 2701 826 2771; baseline 0 -15"><span class='ocrx_word' id='word_1_234' title='bbox 169 2701 305 2756; x_wconf 71' lang='lat' dir='ltr'>Avertit?</span> <span class='ocrx_word' id='word_1_235' title='bbox 321 2714 410 2754; x_wconf 90' lang='lat' dir='ltr'>tantos</span> <span class='ocrx_word' id='word_1_236' title='bbox 421 2701 526 2754; x_wconf 87' lang='lat' dir='ltr'>ratibus</span> <span class='ocrx_word' id='word_1_237' title='bbox 539 2701 601 2770; x_wconf 88' lang='lat' dir='ltr'>quis</span> <span class='ocrx_word' id='word_1_238' title='bbox 613 2702 722 2770; x_wconf 89' lang='lat' dir='ltr'>depulit</span> <span class='ocrx_word' id='word_1_239' title='bbox 733 2703 826 2771; x_wconf 78' lang='lat' dir='ltr'>ignes?</span> 
     </span>
    </p>

    <p class='ocr_par' dir='ltr' id='par_1_33' title="bbox 169 2770 987 2913">
     <span class='ocr_line' id='line_1_35' title="bbox 169 2770 859 2842; baseline -0.006 -13"><span class='ocrx_word' id='word_1_240' title='bbox 169 2772 278 2829; x_wconf 87' lang='lat' dir='ltr'>Dicite.</span> <span class='ocrx_word' id='word_1_241' title='bbox 296 2772 384 2842; x_wconf 86' lang='lat' dir='ltr'>prisca</span> <span class='ocrx_word' id='word_1_242' title='bbox 395 2772 463 2826; x_wconf 87' lang='lat' dir='ltr'>fides</span> <span class='ocrx_word' id='word_1_243' title='bbox 476 2770 560 2836; x_wconf 69' lang='lat' dir='ltr'>saslo,</span> <span class='ocrx_word' id='word_1_244' title='bbox 579 2772 625 2824; x_wconf 88' lang='lat' dir='ltr'>sed</span> <span class='ocrx_word' id='word_1_245' title='bbox 639 2773 712 2824; x_wconf 89' lang='lat' dir='ltr'>sama</span> <span class='ocrx_word' id='word_1_246' title='bbox 725 2773 859 2842; x_wconf 88' lang='lat' dir='ltr'>perennis.</span> 
     </span>
     <span class='ocr_line' id='line_1_36' title="bbox 206 2840 987 2913; baseline 0 -17"><span class='ocrx_word' id='word_1_247' title='bbox 206 2844 348 2912; x_wconf 89' lang='lat' dir='ltr'>Tempore</span> <span class='ocrx_word' id='word_1_248' title='bbox 360 2860 414 2911; x_wconf 91' lang='lat' dir='ltr'>quo</span> <span class='ocrx_word' id='word_1_249' title='bbox 427 2842 548 2912; x_wconf 83' lang='lat' dir='ltr'>primum</span> <span class='ocrx_word' id='word_1_250' title='bbox 557 2840 676 2913; x_wconf 71' lang='lat' dir='ltr'>Phrygii</span> <span class='ocrx_word' id='word_1_251' title='bbox 686 2842 821 2909; x_wconf 80' lang='lat' dir='ltr'>formabat</span> <span class='ocrx_word' id='word_1_252' title='bbox 832 2845 858 2895; x_wconf 92' lang='lat' dir='ltr'>in</span> <span class='ocrx_word' id='word_1_253' title='bbox 868 2843 919 2897; x_wconf 73' lang='lat' dir='ltr'>Ida</span> <span class='ocrx_word' id='word_1_254' title='bbox 953 2848 987 2896; x_wconf 83' lang='lat'>80</span> 
     </span>
    </p>

    <p class='ocr_par' dir='ltr' id='par_1_34' title="bbox 168 2913 869 2983">
     <span class='ocr_line' id='line_1_37' title="bbox 168 2913 869 2983; baseline -0.001 -17"><span class='ocrx_word' id='word_1_255' title='bbox 168 2917 277 2972; x_wconf 83' lang='lat' dir='ltr'>AEneas</span> <span class='ocrx_word' id='word_1_256' title='bbox 287 2913 405 2978; x_wconf 81' lang='lat' dir='ltr'>classem,</span> <span class='ocrx_word' id='word_1_257' title='bbox 422 2913 551 2983; x_wconf 80' lang='lat' dir='ltr'>&amp;pelagi</span> <span class='ocrx_word' id='word_1_258' title='bbox 564 2924 657 2982; x_wconf 88' lang='lat' dir='ltr'>petere</span> <span class='ocrx_word' id='word_1_259' title='bbox 670 2914 726 2966; x_wconf 87' lang='lat' dir='ltr'>alta</span> <span class='ocrx_word' id='word_1_260' title='bbox 739 2915 851 2983; x_wconf 87' lang='lat' dir='ltr'>parabat</span> <span class='ocrx_word' id='word_1_261' title='bbox 862 2937 869 2980; x_wconf 84' lang='lat'><em>3</em></span> 
     </span>
    </p>

    <p class='ocr_par' dir='ltr' id='par_1_35' title="bbox 167 2982 917 3055">
     <span class='ocr_line' id='line_1_38' title="bbox 167 2982 917 3055; baseline -0.008 -15"><span class='ocrx_word' id='word_1_262' title='bbox 167 2983 237 3055; x_wconf 84' lang='lat' dir='ltr'>Ipsa</span> <span class='ocrx_word' id='word_1_263' title='bbox 250 2982 335 3036; x_wconf 82' lang='lat' dir='ltr'>deum</span> <span class='ocrx_word' id='word_1_264' title='bbox 348 2983 436 3037; x_wconf 88' lang='lat' dir='ltr'>fertur</span> <span class='ocrx_word' id='word_1_265' title='bbox 447 2985 572 3055; x_wconf 82' lang='lat' dir='ltr'>genetrix</span> <span class='ocrx_word' id='word_1_266' title='bbox 586 2984 769 3053; x_wconf 62' lang='lat' dir='ltr'>Berecynthia</span> <span class='ocrx_word' id='word_1_267' title='bbox 779 2999 917 3051; x_wconf 57' lang='lat' dir='ltr'>magnum</span> 
     </span>
    </p>
   </div>
   <div class='ocr_carea' id='block_1_3' title="bbox 168 3052 1044 3188">
    <p class='ocr_par' dir='ltr' id='par_1_36' title="bbox 168 3052 1044 3188">
     <span class='ocr_line' id='line_1_39' title="bbox 168 3052 1044 3188; baseline 0.003 -78"><span class='ocrx_word' id='word_1_268' title='bbox 168 3053 297 3110; x_wconf 84' lang='lat' dir='ltr'>Vocibus</span> <span class='ocrx_word' id='word_1_269' title='bbox 308 3054 353 3112; x_wconf 87' lang='lat' dir='ltr'>lu&#39;s</span> <span class='ocrx_word' id='word_1_270' title='bbox 365 3056 452 3112; x_wconf 85' lang='lat' dir='ltr'>affata</span> <span class='ocrx_word' id='word_1_271' title='bbox 463 3057 589 3188; x_wconf 49' lang='lat' dir='ltr'>loveriis</span> <span class='ocrx_word' id='word_1_272' title='bbox 609 3057 673 3126; x_wconf 72' lang='lat' dir='ltr'>ba,</span> <span class='ocrx_word' id='word_1_273' title='bbox 690 3065 774 3123; x_wconf 72' lang='lat' dir='ltr'>nate,</span> <span class='ocrx_word' id='word_1_274' title='bbox 785 3052 927 3130; x_wconf 47' lang='lat' dir='ltr'>sexeum</span> <span class='ocrx_word' id='word_1_275' title='bbox 946 3104 1044 3169; x_wconf 41' lang='lat' dir='ltr'>Q&amp;</span> 
     </span>
     <span class='ocr_line' id='line_1_40' title="bbox 593 3151 611 3185; baseline 0 0"><span class='ocrx_word' id='word_1_276' title='bbox 593 3151 611 3185; x_wconf 82' lang='lat'><em>2</em></span> 
     </span>
    </p>
   </div>
   <div class='ocr_carea' id='block_1_4' title="bbox 0 0 1155 3600">
    <p class='ocr_par' dir='ltr' id='par_1_37' title="bbox 0 0 1155 3600">
     <span class='ocr_line' id='line_1_41' title="bbox 0 0 1155 3600; baseline 0 0"><span class='ocrx_word' id='word_1_277' title='bbox 0 0 1155 3600; x_wconf 95' lang='lat' dir='ltr'> </span> 
     </span>
    </p>
   </div>
  </div>
 </body>
</html>
