2300 3600
185 367 241 420 274
380 352 415 408 P.
436 351 614 418 VIRGILII
640 351 829 426 MARONIS

185 446 301 516 ‚Lyncea
314 445 474 504 tendentem
486 447 592 512 contri,
610 444 750 512 sociosque
762 453 928 513 vocantem..

188 518 317 571 Vibranti
328 518 423 589 gladio
435 517 570 570 connixus
582 517 617 569 ab
628 533 725 587 aggere
738 516 839 569 dexter

189 587 334 658 Occupat:
355 589 421 642 huic
434 605 489 641 uno
501 585 643 653 dejedium
655 587 781 640 cominus
797 585 870 640 ittu·
952 595 993 651 πο

190 657 265 711 Cum
278 657 357 730 galeri
370 658 451 729 longe
461 658 550 724 jacuit
563 667 666 728 caput:
687 657 750 710 inde
765 656 886 711 serarum

189 729 359 784 vastatorem
371 732 590 798 Amycum‚'quo
599 745 653 781 non
664 727 772 781 felicior
781 729 853 781 alter

136 847 142 854 .
185 799 301 870 -Ungere
315 800 371 854 teia
383 817 477 864 manu,
494 799 652 867 ferrumque
665 815 769 852 armare
781 814 904 852 veneno:

188 869 229 922 Et
244 870 371 939 Clytium
382 870 525 936 AEoliden,
543 872 569 922 dr
582 870 704 922 amicum
715 867 952 936 Crethea-Mulier

191 940 313 993 Crethea
321 941 468 996 Musarum
477 940 625 1008 comitem3
640 939 817 994 cuicannina
827 939 934 1010 semper
954 951 1011 1006 m·

193 1010 231 1063 Et
243 1011 356 1074 eitharae
369 1012 446 1065 cordi
457 1034 464 1079 ς
486 1009 668 1078 numerosque
681 1010 822 1064 intendere
838 1010 939 1076 nervia,

172 1111 176 1120 ·
193 1082 309 1151 Semper
317 1097 414 1150 equos,
425 1094 509 1151 atque
518 1079 703 1147 armavirdm,
711 1079 873 1151 pugnasque
881 1079 997 1135 canebtt»

228 1152 357 1208 Tandem
366 1151 506 1219 dudtores,
522 1149 619 1205 auditi
631 1151 708 1206 caede
720 1151 844 1217 suorum,

193 1219 373 1285 Conveniunt
381 1223 502 1290 Teucri;
523 1221 685 1276 Mnestheus
693 1237 811 1291 acerque
821 1220 955 1288 Serestutt

192 1292 374 1362 Palantesque
387 1294 483 1348 vident
495 1292 583 1346 socios
591 1314 598 1346 ι
606 1292 773 1362 ¹hostemque
783 1304 938 1364 receptum.
957 1293 999 1357 rso

193 1359 998 1437 EtMnestheus:deeindesugamquotenditisrinquit.
1034 1397 1038 1418 t

194 1435 275 1505 Qos
287 1434 356 1488 aiios
368 1451 472 1501 muros,
491 1452 553 1503 quae
564 1435 623 1500 jam
636 1433 710 1488 ultra
723 1435 826 1487 moenia
838 1432 963 1488 habetiat

194 1506 275 1559 Unus
287 1507 381 1572 homo,
398 1507 424 1560 δι
437 1505 542 1572 restris,
557 1504 672 1570 dcives,
688 1504 810 1573 undique
825 1504 920 1576 septus

194 1576 357 1646 Aggeribus
370 1586 458 1629 tantas
471 1576 570 1646 strages
586 1575 698 1647 impune
709 1591 762 1657 per
774 1575 874 1629 urbem

192 1646 338 1701 Edideritr
357 1647 496 1713 juvenum
508 1647 612 1718 primos
625 1658 667 1700 tot
680 1647 782 1700 miserit
796 1647 892 1700 Orco?
958 1657 1000 1716 m

126 1753 131 1758 -
192 1717 257 1780 Non
270 1718 388 1772 infelicis
401 1719 498 1788 patriae
511 1728 694 1785 veterumque
707 1716 835 1783 deorum,

193 1788 231 1842 Et
245 1789 336 1860 magni
348 1790 446 1844 AEneae
460 1788 552 1860 segnes
565 1788 729 1857 miseretque
741 1787 829 1860 pudet
850 1795 907 1844 uei

191 1859 315 1914 Talibus
326 1860 429 1913 accenfi
442 1859 595 1926 firmantur,
616 1862 641 1913 δι
654 1860 763 1930 agmine
775 1806 860 1912 deuio

193 1931 358 1984 Contistunt.
386 1933 501 1984 Tumus
514 1931 649 2000 paulatim
660 1931 795 1983 excedere
808 1929 917 2000 pugnd,
1040 1994 1042 1999 Ι

194 2001 232 2054 Et
244 2000 364 2055 fluvium
408 2012 474 2067 tere,
486 2017 517 2054 ac
527 2013 644 2072 partem,
652 2019 713 2070 quae
722 2001 845 2070 cingitur
854 2001 939 2056 amni.
957 2013 1001 2070 τῳ
1040 2056 1042 2071 ,

194 2072 361 2126 Acridshdc
400 2075 476 2126 eucri
489 2073 609 2127 clamore
623 2070 781 2125 incumbere
794 2088 907 2142 magno,
1040 2082 1042 2147 j

194 2143 232 2197 Et
246 2143 398 2213 glomerare
411 2160 538 2197 manum:
555 2159 606 2196 ceu
617 2143 722 2196 savum
735 2144 818 2195 turba
828 2143 938 2198 leonem
1039 2164 1042 2177 ·

127 2227 130 2232 ’
196 2215 270 2267 Com
281 2213 343 2266 telis
354 2214 454 2284 premit
468 2213 591 2281 insensis3
610 2225 637 2266 at
652 2214 763 2265 territus
776 2213 824 2265 ille

194 2284 297 2354 Asper,
312 2285 410 2338 acerba
421 2295 510 2350 tuens,
525 2297 597 2336 retro
609 2284 697 2336 redit:
718 2285 744 2336 dc
754 2300 845 2350 neque
855 2295 932 2354 terga

195 2357 240 2408 lra
253 2356 317 2407 dare
329 2365 377 2407 aut
390 2354 480 2408 virtus
493 2355 614 2423 patitur:
631 2370 680 2407 nec
694 2354 804 2407 tendere
819 2358 918 2408 contri
959 2368 1001 2420 795

195 2426 249 2480 ssle
260 2426 373 2493 quidem
386 2426 439 2478 hoc
452 2425 578 2495 cupiens,
591 2425 664 2495 potis
674 2425 711 2478 est
721 2441 769 2495 per
778 2425 836 2477 tela
845 2424 981 2494 virosque.

195 2497 279 2550 Haud
292 2495 373 2548 aliter
384 2506 457 2549 retro
471 2495 574 2549 dubius
588 2496 701 2566 vestigia
710 2498 826 2548 Tumus
841 2494 845 2508 '

195 2567 388 2637 improperata
402 2565 496 2632 refert,
520 2567 545 2619 dc
558 2583 634 2619 mens
646 2565 777 2620 exaestuat
791 2563 842 2619 ira.

196 2638 274 2706 Qin
287 2638 371 2690 etiam
383 2636 427 2690 bis
440 2650 500 2689 tum
514 2637 619 2690 medios
636 2637 770 2690 invaserat
783 2636 892 2714 hpstes3

197 2709 244 2761 Bis
257 2707 371 2761 confusa
384 2707 453 2777 sugd
466 2724 514 2777 per
527 2724 620 2760 muros
634 2709 741 2777 agmina
753 2707 850 2760 vertit.
964 2713 1005 2763 8oe

197 2777 251 2831 Sed
266 2794 362 2831 manus
373 2794 389 2830 e
402 2778 493 2831 castris
525 2779 621 2848 roperd
633 2781 689 2830 coit
702 2778 791 2831 omnis
803 2778 833 2830 in
846 2796 953 2836 nnuma

196 2850 255 2902 Nec
269 2849 365 2901 contra
379 2848 452 2900 vires
464 2797 548 2901 audet
562 2850 690 2915 Saturnia
700 2849 775 2916 Juno

196 2918 328 2973 Sufficere
342 2939 349 2970 :
368 2919 468 2971 adriam
480 2919 553 2972 coelo
567 2937 629 2971 nam
642 2917 753 2988 Jupiter
767 2920 835 2973 Irim

185 2991 320 3061 Demifit,
338 3008 480 3067 germanae
494 2989 571 3046 haud
584 2991 679 3041 rnoiiia
690 2990 758 3055 iussa
770 2989 928 3063 serentem3

170 3064 220 3127 Ni
232 3059 888 3127 TurnuscedatTeucrorutnmteriiburabt‘u.
965 3068 1008 3122 tet
1029 3054 1043 3137 i

962 3129 1025 3194 um
