2300 3600
424 335 757 394 misrrumum.
856 297 859 305 ’
941 358 990 410 us

178 430 236 483 Ora
250 431 348 495 Dares,
366 446 518 501 magnoque
531 430 624 484 virdm
636 431 662 484 se
675 425 814 485 murmure
827 430 915 484 tollit:

180 502 263 553 Solus
276 502 323 569 qui
335 502 459 554 Paridem
472 501 567 555 solitus
580 502 741 555 contendere
753 515 864 569 contra3
940 518 990 566 37⁰

180 571 316 640 Idemque
325 571 360 623 ad
371 572 521 637 tumulum,
535 589 590 640 quo
601 572 737 626 maximus
745 572 864 626 occubat
874 570 989 640 Heftor,

179 640 323 694 Vidloreur
334 644 424 695 Buten
436 642 547 695 immani
559 658 684 712 corpore,
701 644 748 710 qui
761 643 788 696 se

180 710 317 781 Bebrycia
330 713 441 765 veniens
450 714 551 781 Amyci
564 713 690 782 degente
704 712 818 781 ferebat,

179 782 314 847 Perculit,
335 784 359 835 u
373 781 454 836 fulvi
465 781 662 836 moribundum
673 784 797 838 extendit
808 781 898 838 arenti.

178 853 260 905 Talis
289 852 360 906 rima
369 855 454 906 Dares
467 864 550 923 caput
563 853 652 906 altum
664 853 691 905 in
704 854 802 923 proelia
814 855 900 921 tollit,
939 870 969 920 37
973 871 988 921 ς

179 870 359 992 Ostenditque
372 924 500 976 humeros
512 924 592 988 latos,
608 923 765 992 alternaque
774 923 861 990 jadlat

179 994 297 1047 Brachia
310 994 483 1064 protendens,
503 995 527 1047 dr
541 994 667 1047 verberat
680 993 781 1046 ittibus
792 1012 881 1049 auras.

180 1064 326 1134 Qaeritur
337 1065 402 1117 huic
414 1064 500 1117 aliut:
516 1080 565 1118 nec
576 1064 719 1133 quisquam
730 1080 766 1117 ex
776 1065 881 1135 agmine
895 1076 971 1119 tauto

129 1201 132 1206 Ι
178 1135 278 1188 Audet
290 1135 364 1190 adire
377 1136 479 1198 virum,
497 1134 674 1203 manibusque
688 1134 815 1188 inducere
828 1136 934 1189 caestus.

179 1206 254 1275 Ergo
267 1204 373 1269 alacris,
387 1204 553 1272 cundlosque
566 1217 665 1274 putans
677 1206 809 1259 excedere
822 1204 924 1275 palmd,
939 1213 988 1273 380

179 1277 278 1329 AEneae
291 1276 363 1329 stetit
375 1286 436 1328 ante
450 1275 550 1345 pedes,
569 1291 618 1327 nec
632 1275 712 1345 plura
724 1287 855 1341 moratus,

178 1347 256 1404 Tum
268 1345 340 1398 laeva
353 1356 463 1398 taurum
474 1362 558 1398 comu
571 1356 656 1411 tenet,
670 1355 750 1414 atque
764 1346 802 1398 ita
815 1345 906 1400 sature

178 1416 249 1469 Nate
262 1414 326 1480 del,
344 1415 361 1468 fi
374 1432 457 1470 nemo
466 1416 549 1468 audet
562 1416 588 1467 se
601 1416 709 1470 credere
723 1433 834 1485 pugnae,

179 1488 251 1556 Qae
266 1486 326 1539 linis
339 1486 421 1539 standi
434 1495 442 1538 l
463 1487 518 1555 qud
530 1503 573 1540 me
586 1486 666 1538 decet
677 1486 763 1554 usque
775 1486 860 1539 teneri
872 1494 881 1538 t

178 1557 288 1610 Ducere
302 1557 371 1610 dona
381 1557 460 1622 jube.
479 1554 571 1609 cunut
584 1556 662 1609 simul
675 1572 720 1608 ore
733 1556 885 1611 fremebant
938 1564 989 1627 385

170 1627 355 1692 Dardanidae,
369 1627 500 1694 reddique
513 1626 572 1679 viro
585 1627 708 1695 promilla
718 1628 865 1693 jubebant.

213 1699 269 1751 Hic
280 1697 372 1767 gravis
382 1697 524 1750 Entellum
534 1696 615 1749 dietis
624 1697 685 1749 casti
705 1711 731 1749 at
743 1698 865 1764 Acestes,

177 1767 325 1821 Proximus
338 1781 369 1821 ut
380 1767 514 1820 viridante
528 1778 587 1820 toro
599 1782 649 1820 con
662 1785 677 1819 e
698 1779 754 1821 erat
767 1769 877 1823 herbae:

177 1839 298 1903 Entelle,
315 1839 428 1891 heroum
442 1839 579 1905 quondam
592 1837 729 1891 fortiffime
739 1840 845 1907 frustra,

175 1910 303 1963 Tantane
317 1922 372 1962 tam
384 1909 490 1978 patiens
502 1909 579 1960 nullo
592 1909 737 1962 certamine
750 1910 812 1963 tolli
896 1953 901 1960 t
937 1925 987 1979 390

176 1980 259 2102 Bona
271 1979 358 2033 fines?
379 1978 427 2031 ubi
441 1993 511 2030 nunc
524 1978 603 2030 nobis
614 1978 682 2031 deus
694 1980 752 2044 ille,
768 1981 893 2050 magister

204 2049 644 2122 equiequamqmemoratusEryx?
662 2049 710 2101 ubi
724 2049 794 2102 fama
808 2066 974 2121 peromnem

175 2121 358 2184 Trinacriam,
375 2119 497 2189 &spolia
509 2118 557 2171 illa
570 2120 625 2170 tuis
638 2120 783 2187 pendentia
795 2120 875 2173 tectis
887 2131 895 2174 l

176 2190 229 2243 Ille
243 2191 294 2244 sub
308 2191 384 2244 haect
406 2191 469 2242 Non
482 2189 571 2241 laudis
584 2205 668 2254 amor,
684 2206 732 2240 nec
745 2191 831 2259 gloria
843 2193 917 2244 cellit

176 2261 259 2313 Pulsa
271 2275 365 2327 metu3
388 2260 432 2312 sed
445 2260 517 2312 enim
529 2259 638 2328 gelidus
652 2260 774 2313 tardante
788 2260 893 2314 senedlit
936 2281 966 2328 39
969 2281 984 2330 ς

177 2331 292 2401 Sanguis
301 2331 394 2395 hebet,
409 2330 563 2398 frigentque
577 2330 678 2383 ell'oetae
691 2331 719 2382 in
731 2347 843 2400 corpore
854 2333 935 2385 vires.

177 2403 204 2453 Si
217 2402 298 2465 mihi,
316 2419 377 2469 quae
390 2401 528 2468 quondam
541 2398 640 2464 fuerat,
663 2398 771 2468 quelque
786 2403 926 2473 improbus
939 2403 986 2455 iste

175 2472 295 2527 Exultat
309 2469 404 2535 fidens,
419 2471 437 2522 li
450 2486 521 2522 nunc
534 2469 604 2521 soret
617 2470 665 2522 illa
675 2472 824 2536 Juventas:

175 2543 259 2595 Haud
273 2542 401 2609 equidem
413 2541 502 2611 pretio
515 2539 644 2593 indubius
657 2541 829 2610 pulchroque
838 2543 960 2610 juvenco

173 2613 329 2666 Venilleurz
351 2627 400 2665 nec
413 2611 483 2662 dona
496 2626 596 2663 moror.
617 2610 651 2662 fic
664 2611 762 2663 deinde
776 2613 896 2681 locutus,
934 2629 986 2680 490

173 2685 207 2737 ln
218 2683 340 2749 medium
354 2681 475 2750 geminos
484 2680 596 2734 immani
608 2680 727 2750 pondere
739 2683 834 2736 caestus

173 2752 295 2819 Projecit
306 2775 312 2818 ς
324 2753 433 2819 ,quibus
445 2767 508 2803 acer
519 2751 596 2818 Eryx
609 2753 638 2803 in
650 2752 748 2820 proe-lia
762 2753 854 2806 suetus

173 2827 256 2876 Ferre
270 2838 380 2875 uranum
393 2822 518 2888 duroque
531 2820 670 2874 intendere
679 2822 791 2875 brachia
803 2835 890 2896 tergo.

171 2894 348 2962 Obstupuere
360 2891 454 2944 animi.
477 2891 747 2960 tantorum'ingentia
761 2893 864 2962 septem

170 2967 265 3033 Terga
276 2963 361 3016 boum
394 2961 490 3031 lumbo
502 2960 593 3014 insuto
603 2959 729 3031 ferroque
740 2962 881 3033 rigebant.
944 2980 1000 3027 ung

170 3037 250 3090 Ante
259 3048 352 3086 onmes
383 3045 450 3105 upet
460 3031 520 3106 ipse
531 3034 633 3106 Dares,
647 3034 794 3120 longeque
806 3033 922 3089 tetulat
931 3052 944 3082 ·.

871 3092 1045 3173 §QQWQ
