2300 3600
188 385 240 427 200
387 370 420 426 Ρ,
439 328 616 427 vinoun
635 370 824 424 nunonis
853 337 860 358 ’

190 465 243 516 Fas
252 462 350 528 obstat,
367 464 487 533 tristique
501 465 581 535 palus
596 463 752 516 inamabilis
765 459 842 516 undd

150 561 155 567 ··
191 533 313 604 Alligat‚
333 536 358 587 dc
372 536 467 587 novies
479 537 547 604 Styx
562 534 693 592 interfusa
703 536 822 586 coercet.

226 606 284 658 Nec
295 606 393 675 procul
403 605 467 659 hinc
475 619 583 675 partem
593 606 644 659 sust
655 602 976 664 monstrantuninotnoen

191 677 333 744 Lugentes
345 677 451 746 campi:
473 678 505 729 fic
518 677 581 729 illos
595 676 702 729 nomine
715 675 824 727 dicunt.
886 725 892 738 ,
958 687 976 739 4

192 748 259 811 llic,
277 763 346 813 quos
359 747 445 799 durus
455 764 531 800 antor
542 748 650 805 crudeli
664 748 726 799 tabe
740 745 861 816 peredit,

194 817 296 875 secreti
309 816 399 870 celant
410 819 504 883 calles,
525 820 550 870 δε
561 833 667 887 myrtea
679 818 784 869 circum

193 887 279 957 Sylva
292 883 377 955 tegil:
394 903 469 942 curae
484 906 537 942 non
547 889 608 959 ipssa
620 889 647 940 in
658 901 745 941 morte
755 886 929 954 relinquunt.

159 1017 160 1020 ,
193 953 976 1032 HisPhaedramProcrimquelocis,moestamqueEriphtlt

194 1028 324 1081 Crudelis
332 1028 387 1080 nati
397 1030 715 1085 monstrantemvulnera
724 1030 822 1093 cernit,
960 1042 976 1091 4

193 1098 394 1166 Evadnenque,
413 1102 438 1152 dr
450 1099 615 1169 Pasiphaen:
637 1100 680 1154 his
691 1098 842 1156 Laodamia

194 1170 220 1222 lt
232 1185 333 1234 comeo,
347 1171 372 1221 &
384 1170 495 1234 juvenis
505 1170 655 1237 quondam,
667 1187 738 1223 nuuc
748 1169 873 1238 soemina,
882 1168 976 1228 Caeoel

195 1239 303 1295 Rursus
318 1240 343 1291 dc
357 1240 385 1292 in
395 1253 517 1298 veterent
528 1241 586 1294 sato
595 1241 723 1295 revoluta
732 1236 862 1311 figurato.

196 1312 273 1369 Inter
285 1327 353 1378 quas
364 1311 500 1366 Phoenissa
512 1328 605 1365 recens
618 1330 634 1363 a
643 1312 758 1368 vulnere
771 1311 845 1365 Dido
961 1324 976 1373 4

195 1381 313 1436 Errabat
327 1380 405 1449 sylva
417 1382 444 1434 in
455 1382 554 1452 magnai
567 1404 573 1435 :
593 1400 676 1450 quant
686 1385 792 1435 Troius
801 1382 895 1447 heros,

196 1454 235 1505 Ut
250 1452 370 1521 prinlum
380 1454 464 1518 juxta
475 1446 558 1518 stetit,
578 1453 747 1522 agnovitque
758 1453 932 1523 perumbrat

196 1524 361 1587 Obscuram,
380 1524 490 1590 qualern
502 1525 591 1596 primo
601 1524 649 1591 qui
663 1524 772 1594 surgere
783 1522 874 1578 mense

197 1596 259 1655 Aut
270 1593 347 1646 videt
360 1606 409 1645 aut
421 1594 514 1648 vidisse
528 1607 609 1664 putat
622 1611 671 1664 per
680 1593 900 1660 nubilalunaun3

173 1664 313 1727 3De1nillt
325 1665 468 1732 lacrymas,
485 1665 617 1733 dulcique
630 1665 729 1718 affatus
741 1681 832 1723 autore
845 1665 898 1721 est:
963 1680 976 1732 4

190 1728 301 1794 infelix
312 1734 398 1800 Dido,
415 1751 497 1792 verus
510 1735 578 1788 mihi
592 1736 704 1789 nuntius
714 1752 777 1806 ergo

198 1808 319 1867 Venerat
329 1805 501 1874 exll'tndlant,
519 1807 646 1874 scrroque
658 1819 782 1860 extrema
796 1806 938 1866 secutam?

199 1877 313 1937 Funeris
326 1877 381 1932 hen
395 1878 446 1939 tibi
460 1879 540 1930 causa
555 1879 614 1930 fui?
637 1895 686 1948 per
699 1879 782 1930 sidera
792 1878 869 1944 juro,

200 1948 252 2004 Per
265 1949 385 2017 superos,
406 1950 430 2000 dc
445 1951 461 2001 li
477 1959 530 2016 qua
544 1947 612 2002 fides
626 1949 725 2002 tellurc
740 1949 790 2001 sub
804 1947 860 2001 ima
872 1949 928 2016 est;

199 2019 320 2085 Invitus,
340 2020 443 2088 regina,
465 2031 513 2077 tuo
527 2021 561 2072 de
575 2019 655 2077 litore
669 2019 740 2078 cellr·
964 2034 976 2084 4

200 2089 253 2147 Sed
268 2106 311 2141 nte
321 2090 392 2155 julla
402 2089 496 2156 derint,
515 2108 578 2158 quae
592 2107 663 2142 nunc
678 2091 727 2144 ltas
740 2088 778 2144 ire
791 2107 841 2160 per
850 2091 971 2156 umbras,

199 2162 252 2222 Per
265 2161 326 2212 loca
340 2159 414 2212 senta
429 2162 479 2212 sttu
494 2174 597 2230 cogunt
611 2162 774 2228 noctemque
787 2160 967 2241 profundam,

199 2229 328 2302 Imperiis
341 2248 421 2305 egere
435 2231 506 2299 suis;
527 2247 575 2283 uec
589 2233 699 2283 erodere
717 2232 795 2299 qulvt

199 2304 225 2354 H
230 2317 282 2353 unc
294 2312 402 2355 tanturn
412 2303 462 2354 tibi
477 2320 520 2354 nte
530 2301 643 2355 discetl'u
657 2302 725 2361 serre
739 2301 875 2357 dolorem.

201 2372 266 2427 sure
275 2373 402 2442 gradum,
423 2386 504 2440 teque
517 2370 629 2442 aspedlu
643 2390 676 2424 nc
690 2372 822 2431 subtrahe¹
834 2373 934 2427 nostro.
967 2390 976 2433 4

200 2445 294 2512 Qern
305 2442 394 2511 sugis?
408 2459 563 2495 extremum
575 2442 632 2495 sato
643 2444 717 2512 quod
726 2456 752 2495 te
761 2442 900 2512 alloquor,
910 2443 976 2503 hoel

235 2511 466 2569 'raubusffineas
475 2514 616 2566 ardentem
628 2518 652 2564 dc
666 2527 744 2566 torva
755 2527 881 2570 tuentem

200 2584 317 2636 Lenibat
330 2584 411 2635 dielis
424 2585 556 2649 animum,
574 2583 762 2653 lacrymasque
774 2584 877 2643 ciebat.

199 2655 255 2707 Illa
267 2653 324 2705 solo
337 2653 408 2706 fixos
421 2656 518 2706 oculos'
530 2655 624 2706 aversa
637 2657 765 2722 tenebat;

198 2726 258 2779 Nec
273 2725 361 2794 tnagis
375 2726 484 2794 incepto
498 2726 611 2778 vultum
626 2725 745 2779 serntoue
759 2738 900 2795 movetur,
968 2749 976 2787 ι,

201 2798 296 2866 Qum
310 2798 326 2847 st
342 2799 410 2846 dura
422 2796 488 2847 silex
502 2809 549 2848 aut
561 2798 609 2848 stet
623 2798 761 2876 Marpesia
773 2806 885 2851 carues:

197 2867 328 2920 Tandem
341 2867 473 2935 corripuit
485 2868 549 2930 lese,
568 2882 651 2933 atque
663 2862 888 2939 iunnica‘resugit

198 2937 231 2993 ln
245 2954 342 2990 uentus
357 2936 554 3003 umbriferutn5
575 2938 678 3001 conjux
691 2938 740 2990 ubi
753 2937 882 3008 pristinus
892 2938 934 2998 illi

184 3009 356 3082 Respondet
365 3008 451 3077 curiS,
467 3023 614 3079 aequatque
626 3009 752 3061 sicbertus
761 3024 895 3074 autorem.

174 3077 488 3162 Necmt'nt‘tsAEueas,
508 3084 578 3145 casu
590 3079 858 3159 nercutlua'tntqno,
869 3134 943 3207 m
961 3153 963 3157 Ι

938 3162 976 3213 Ν

135 3208 151 3323 'r
