2300 3600
339 289 720 393 AEtlE113051„113.it11.¹
745 404 748 412 ⁸
893 351 941 419 ³27

117 428 278 484 terrificos
290 429 355 495 ciet,
375 445 458 498 atque
471 430 548 482 irasci
560 430 588 483 in
601 435 703 482 cornua
716 438 814 492 tentat,
827 469 829 474 .
911 448 913 453 ·

117 501 249 554 *liboris
262 501 381 555 obnixus
394 513 491 554 trunco
503 523 510 567 3
532 500 686 568 ventosque.
696 498 795 551 lucellit
891 512 922 548 ιο
925 513 940 564 5

117 569 250 637 letibus,
273 574 299 623 dc
313 571 403 641 sparsa
416 572 449 623 ad
464 588 584 642 pugnam
597 571 719 641 proludit
732 567 824 622 areni.

165 645 228 696 Nec
242 642 332 694 minus
346 644 446 694 interea
460 642 587 694 maternis
601 641 689 694 saevus
702 641 729 693 in
743 639 824 693 arnus

117 713 238 767 AEneas
251 712 325 764 acuit
340 714 472 777 Martem,
494 714 519 764 dr
535 713 560 763 se
574 711 684 764 suscitat
698 711 747 777 iri,

117 781 241 836 Oblato
252 782 372 852 gaudens
385 783 513 852 componi
531 782 636 834 foedere
649 782 766 836 bellum.

117 851 210 907 Turn
224 852 310 905 socios
323 853 464 921 moellique
478 849 583 906 metbn
601 852 704 904 solatur
719 853 783 918 ltili,
894 863 951 909 κιο,

119 923 204 976 Fata
215 924 333 976 docent:
355 923 467 992 regique
477 924 558 989 jubet
569 921 694 993 responsa
706 923 804 976 Latino

117 996 219 1048 Certa
232 992 332 1045 referre
345 994 428 1059 viros,
451 994 475 1045 &
510 993 565 1044 acis
578 993 668 1046 dicere
681 995 767 1063 leges.

146 1077 150 1082 ·
166 1064 276 1116 Postera
290 1063 337 1116 vix
351 1063 470 1115 summos
485 1012 629 1134 ipargebat
640 1065 744 1117 lumine
756 1074 862 1116 montes

117 1137 202 1188 Octa
216 1134 285 1197 dies,
300 1137 364 1187 eum
376 1134 496 1204 primuni
507 1134 563 1186 alto
573 1133 599 1186 se
613 1134 722 1215 gurgite
737 1134 839 1187 tollunt
909 1150 911 1152 ·

124 1203 206 1261 Solis
219 1205 295 1271 equi,
315 1205 461 1271 lucemque
473 1204 552 1256 elutis
565 1205 675 1257 naribus
687 1205 778 1257 efflant
791 1225 798 1271 ;
895 1216 944 1270 ¹¹5

122 1276 275 1344 Campum
284 1275 318 1326 ad
330 1288 468 1327 certamen
481 1291 591 1343 magnae
599 1274 647 1326 sub
658 1275 797 1329 moenibus
808 1273 884 1327 urbis

131 1345 257 1402 Dimensr
270 1346 424 1412 Rutulique
438 1345 489 1397 viri
500 1345 659 1413 Teucrique
670 1344 800 1425 parabant
811 1365 820 1411 ς

130 1417 166 1472 In
178 1416 325 1483 medioque
336 1414 423 1483 focoe,
445 1417 471 1467 δι
484 1414 528 1467 dis
541 1415 734 1467 communibus
747 1430 805 1467 aras

132 1486 317 1540 Gramineus:
339 1485 386 1538 alii
399 1485 559 1552 fontemque
571 1485 716 1555 ignemque
730 1485 865 1551 ferebant,

130 1556 229 1608 Veluti
243 1556 310 1621 lino,
333 1559 358 1609 δι
371 1555 491 1609 verbenzi
505 1568 630 1626 tempora
642 1555 739 1609 vineti.
896 1570 947 1609 120

134 1626 267 1681 Procedit
281 1627 352 1697 legio
365 1627 549 1691 Ausonidum,
569 1625 710 1695 pilataque
720 1626 809 1698 plenis

135 1697 263 1771 Agmina
276 1696 301 1749 se
316 1697 435 1749 fundunt
448 1696 545 1767 portis.
561 1697 625 1749 hinc
636 1699 741 1758 Troius
753 1696 852 1764 omnis,

132 1767 352 1838 Tyrrhenusque
365 1767 420 1821 ruit
430 1766 512 1820 variis
525 1767 664 1821 exercitus
676 1769 774 1836 armis3

134 1839 223 1894 Haud
237 1839 312 1890 secus
326 1837 445 1892 instructi
460 1837 541 1902 l'erro,
562 1840 675 1907 quiinsr
689 1839 782 1909 aspera
793 1837 895 1894 Martis

117 1910 234 1978 ·Pugna
246 1923 337 1962 vocet.
354 1925 402 1961 nec
415 1926 469 1961 non
483 1909 580 1961 mediis
593 1909 620 1961 in
639 1909 763 1962 millibus
776 1910 824 1982 ipfi
898 1924 948 1979 ¹²5

134 1980 277 2035 Ductores
291 1997 358 2033 auro
371 1979 489 2032 volitant
502 1980 625 2047 ostroque
638 1981 741 2045 dccori,

135 2052 176 2104 Et
186 2067 277 2120 genus
286 2049 406 2103 Allaraci
417 2051 588 2116 Mnestheus,
609 2051 633 2101 dc
648 2049 727 2103 sortis
738 2051 859 2120 Asylas;

134 2121 176 2177 Et
191 2121 332 2190 Mellapus
345 2119 448 2188 eqtnim
461 2121 590 2185 domitor,
611 2120 751 2190 Neptunia
763 2122 865 2193 proles,

133 2194 233 2258 thue
247 2190 312 2242 dato
325 2192 398 2260 signo
411 2191 497 2260 spatia
507 2190 534 2242 in
547 2190 595 2244 sua
607 2189 721 2258 quisque
731 2192 845 2258 recedit,

136 2262 273 2329 Deligunt
287 2261 385 2315 tellure
399 2262 495 2326 hallas,
517 2262 541 2314 δι
557 2260 633 2313 scuta
645 2260 788 2316 reclinant.
902 2275 953 2328 13⁰

134 2334 218 2385 Tum
231 2331 318 2384 studio
331 2331 423 2385 effusae
437 2343 546 2396 matres,
569 2333 595 2383 dc
608 2331 712 2402 vulgus
723 2332 869 2399 inermum,

138 2402 317 2469 Invalidique
335 2403 418 2465 senes,
440 2413 527 2454 turres
542 2403 567 2452 dc
582 2400 654 2456 tetta
667 2401 813 2457 domorum

137 2472 299 2525 Obledere:
320 2472 367 2525 alii
381 2472 465 2542 portis
479 2471 644 2524 sublimibus
656 2473 750 2525 allant.
825 2489 827 2492 ’

179 2547 220 2595 At
230 2545 302 2610 Jtmo
313 2560 327 2594 e
339 2542 455 2605 summo,
470 2542 517 2609 qui
527 2558 599 2596 nunc
609 2542 738 2597 Albanus
746 2543 873 2607 liabetur,
905 2562 914 2596 ι
921 2561 954 2608 34

141 2617 243 2683 (Tunc
253 2629 340 2678 neque
349 2630 447 2665 nomen
456 2625 523 2677 erut,
539 2627 588 2664 nec
597 2614 692 2676 honos,
704 2627 750 2665 aut
759 2614 953 2684 gloriamomi)

141 2683 313 2752 Prol'piciens
326 2684 435 2736 tumulo
448 2700 578 2752 campum
590 2683 758 2752 aspectabat,
780 2687 805 2736 dc
819 2684 914 2735 ambas

141 2759 313 2809 Laurentum
326 2755 488 2820 Troumque
501 2754 583 2819 acies,
600 2754 752 2820 urbemque
764 2755 865 2808 Latini.

143 2824 298 2894 Extemplo
309 2824 397 2876 Turni
414 2825 446 2875 lic
460 2825 495 2876 est
506 2823 590 2876 bll'uta
603 2823 721 2875 sororem
794 2830 797 2835 “

144 2898 220 2952 Diva
234 2895 322 2958 deam,
344 2895 439 2963 stagnis
452 2913 512 2961 quie.
529 2893 743 2961 fluminibusque
758 2894 859 2948 sonoris

143 2966 290 3025 l'raelidet:
314 2966 386 3017 hunc
401 2965 440 3015 illi
455 2982 503 3017 rex
517 2963 626 3016 aetheris
639 2964 712 3016 altus
726 2966 857 3022 honorem
905 2979 955 3030 140

140 3039 255 3111 Jupiter
267 3035 363 3107 ccepti
376 3051 425 3107 pro
440 3036 596 3105 virginitate
610 3035 748 3092 sacretur

501 3106 593 3166 Fit
845 3098 1001 3166 *imi*
