2300 3600
255 297 260 308 “
355 329 406 395 ηε
490 287 493 292 ’
549 310 583 378 Ρζ
603 305 994 378 vinorsuunnoms

355 417 403 471 'Sic
416 425 503 489 gersus
511 406 661 488 amborum
670 415 770 469 scindit
779 414 806 468 se
814 414 947 486 sanguine
959 415 995 469 ab

321 481 332 496 '
357 489 412 542 -His
423 488 510 544 fretus
522 505 577 542 non
586 487 704 557 legatos,
718 501 807 555 neque
817 486 906 557 prima
918 503 994 557 pera

355 560 542 614 Tentam'enta
552 558 595 624 tui
607 558 719 629 pepigi:
741 573 785 611 me
799 573 842 609 me
855 555 927 628 ipse,¹
938 574 995 610 met

356 630 459 697 Objeci
472 639 568 701 caput,
580 630 606 681 δι
620 628 738 699 supplex
748 627 784 679 ad
797 627 979 702 liminaveni.

270 755 274 762 Δ
359 701 437 754 Gens
450 700 557 766 eadem,
571 717 634 767 quae
645 710 683 766 te,
697 697 803 751 crudeli
814 698 924 751 Daunia
933 698 991 751 bell

359 769 534 839 Insequitur3
556 787 606 824 nos
618 771 635 826 fi
647 769 761 841 pellant,¹
777 768 845 821 nihil
855 767 952 821 abfore
964 784 994 821 cr

360 842 555 910 Qinomn'em
564 839 725 911 Hesperiam
734 838 845 909 penitus
853 837 901 892 sua
910 838 961 892 sub
968 839 994 905 ju

359 912 398 964 Et
411 926 495 977 mare,
507 911 583 981 quod
592 911 684 981 suprd,
695 920 815 974 teneant,
827 909 958 977 quodque
965 911 995 963 ad

359 981 469 1053 Accipe
482 982 572 1051 daque
585 980 679 1035 sidem.
699 981 761 1033 sunt
774 980 853 1032 nobis
866 979 949 1032 sortia
960 982 996 1034 be

340 1091 343 1097 r
361 1051 487 1119 Peslora,
499 1052 561 1106 sunt
569 1051 664 1119 animi,
680 1051 798 1104 &rebus
811 1050 827 1102 s
843 1049 933 1103 edlata
942 1051 995 1117 juv

390 1122 513 1177 'Dixerat
527 1125 648 1178 AEneas=
670 1121 719 1175 ille
728 1138 759 1173 os
769 1068 920 1189 ocuhosque
933 1122 995 1190 loqu

355 1193 422 1262 Jam
435 1193 553 1261 dudum,
569 1195 595 1246 δι
606 1202 701 1245 totum
713 1191 843 1245 lustrabat
857 1191 961 1244 lumine
973 1210 995 1246 c·

356 1264 480 1318 Tumsrc
490 1279 580 1336 pauca
590 1262 693 1318 refert:
715 1264 756 1316 Ut
765 1272 803 1329 te,
818 1262 958 1316 fortissime
971 1266 995 1318 'I

358 1335 480 1406 Accipio
492 1335 665 1406 agnoscoque
677 1333 781 1387 libens!
804 1343 836 1386 ut
848 1334 934 1386 verba
947 1352 995 1405 par

361 1406 400 1459 Et
413 1422 512 1464 vocem
523 1404 655 1459 Anchisa
668 1404 761 1474 magni
770 1404 884 1457 vultum
903 1421 939 1456 ue
949 1422 994 1458 rec

360 1476 434 1533 Nam
446 1475 559 1529 memini
573 1476 696 1530 Hesionae
706 1475 841 1528 visentem
852 1421 995 1598 §ason

359 1546 615 1615 Laomedontiaden
625 1546 776 1613 Priamum,
792 1546 854 1599 Sala
884 1557 995 1618 impet<

362 1617 491 1671 Protinus
505 1617 635 1671 Arcadiae
648 1616 756 1687 gelidos
765 1615 881 1669 invisere
891 1615 970 1670 fines.

359 1688 440 1742 Tum
452 1687 521 1741 mihi
534 1687 624 1759 prima
636 1703 718 1757 genas
728 1687 838 1740 vistibat
852 1686 919 1739 flore
929 1690 995 1755 Juvt

360 1758 541 1828 Mirabarqu'e
554 1758 640 1812 duces
653 1758 791 1824 Teucros,
805 1757 924 1811 mirabar
937 1759 963 1812 dc
973 1759 995 1832 ip

360 1829 633 1897 Laomedontiaden3
656 1828 701 1880 sed
714 1828 821 1881 cunslis
834 1828 916 1881 altior
928 1830 986 1884 ibat

360 1899 510 1955 Anchises.
525 1900 594 1953 mihi
607 1916 684 1954 mens
691 1899 817 1965 juvenali
827 1899 941 1953 ardebat
952 1920 995 1954 am

265 1992 277 2003 ,
363 1971 540 2041 Compellare
553 1969 656 2037 virum,
673 1971 698 2021 dc
712 1970 817 2022 dextrae
831 1971 995 2041 conjungere

364 2042 482 2107 Accessi,
499 2043 524 2094 dc
536 2042 656 2112 cupidus
668 2041 769 2094 Phenei
779 2041 829 2093 sub
840 2043 941 2092 moenia
951 2044 995 2094 du:

363 2114 417 2166 Ille
430 2113 499 2165 mihi
509 2112 640 2182 inhgnem
650 2112 807 2182 pharetram
818 2112 969 2178 Lyciasque
984 2115 994 2165 s

362 2182 524 2248 Discedens,
537 2182 767 2251 chlamydemque
778 2200 843 2233 auro
856 2183 933 2234 dedit
947 2185 995 2235 inu

363 2254 507 2320 Frenaque
517 2253 592 2317 bina,
610 2269 688 2305 meus
701 2271 763 2319 quae
777 2269 848 2304 nunc
860 2254 954 2319 habet,
970 2274 994 2306 au

362 2323 439 2393 Ergo
450 2324 486 2388 δι,
498 2340 581 2391 quam
590 2323 694 2392 petitis,
702 2321 798 2395 juncia
806 2323 842 2375 est
851 2325 918 2376 mihi
932 2324 994 2376 soed

363 2394 412 2458 Et,
428 2394 477 2446 lux
489 2396 554 2446 chm
567 2395 688 2464 primum
701 2395 779 2445 terris
790 2394 815 2444 se
829 2395 942 2446 crastina
954 2398 994 2447 rec

364 2463 484 2516 Auxilio
498 2463 579 2516 laetos
591 2463 740 2528 dimittam,
755 2464 907 2534 opibusque
919 2466 995 2530 juva!

363 2535 471 2588 Interea
485 2534 557 2586 sacra
568 2536 639 2598 haec,
654 2536 763 2602 quaudo
778 2536 831 2586 huc
846 2535 954 2587 venislis
964 2555 995 2588 an

363 2607 477 2669 Annua,
492 2621 554 2671 quae
568 2602 677 2656 differre
688 2605 774 2665 nefas,
785 2606 922 2660 celebrate
934 2606 995 2659 save

362 2674 526 2738 Nobiscum,
539 2677 564 2725 dc
575 2675 634 2740 jam
646 2691 717 2727 nunc
729 2675 863 2728 sociorum
874 2677 995 2729 assuescit

361 2748 433 2802 Haec
444 2745 492 2797 ubi
506 2743 590 2808 disla,
605 2744 690 2814 dapes
700 2746 781 2811 jubet
797 2746 821 2797 dc
836 2747 944 2798 sublata
957 2764 995 2818 req

363 2814 479 2879 Pocula,
490 2814 683 2884 gramineoque
697 2815 770 2866 viros
783 2816 855 2867 locat
869 2817 925 2885 ipse
940 2817 995 2870 sedi

352 2886 597 2961 Praecspuumque
612 2896 672 2938 toro
686 2886 808 2938 &villosi
823 2886 896 2955 pelle
911 2888 995 2941 leonis

342 2961 474 3035 Accipis
488 2962 616 3029 AEnean,
633 2958 760 3028 solioque
770 2957 873 3010 inuitat
883 2973 992 3013 acerno.

335 3036 421 3095 Tum
434 3035 508 3123 leslq'
519 3037 657 3112 juvenes
666 3031 803 3092 certasrm
812 3044 924 3106 araeque
934 3026 995 3080 lace
