2300 3600
322 308 333 317 '⁸
390 374 393 378 v
419 345 703 424 mnemon-11³.
718 345 813 402 xn..
945 361 997 414 μ,
1023 368 1025 371 >

174 438 286 492 Cundla
297 449 344 492 tuo
356 438 497 507 qiribella,
510 452 596 509 pater,
607 439 657 492 sub
666 426 777 492 numide
786 425 914 507 forques:
939 438 993 495 rio
1007 488 1010 494 .

175 511 513 578 Fontesque,'sluviosque
524 526 605 573 voco,
620 526 738 577 quaeqne
749 509 859 562 aetlteris
868 508 919 562 alti

174 581 301 649 Religio,
323 583 348 633 de
363 599 424 648 quae
439 580 558 633 caeruleo
571 581 633 633 sunt
646 580 758 634 numina
770 590 875 650 ponto:
951 644 954 649 ³

175 651 293 703 Cetl'erit
308 652 432 704 Ausonio
445 652 462 703 si
477 649 532 702 sors
545 650 661 703 vietoria
673 651 782 714 Turno,
840 701 842 706 .

174 721 315 774 Convenit
330 720 451 774 Evandri
464 719 553 772 vidior
566 719 704 774 discedere
716 720 750 773 ad
763 717 878 774 urbem:

174 791 267 844 Cedet
282 791 359 844 liiius
372 792 458 861 agris:
481 808 530 845 nec
543 791 601 860 posi
613 808 688 844 arma
699 790 758 844 ulla
769 791 887 844 rebelles
937 794 988 859 185

175 862 311 915 AEneadae
324 862 453 926 reserent,
474 859 582 922 senode
595 861 656 914 haec
665 874 747 931 regna
759 860 896 917 lacessent.
961 906 965 911 .
989 863 1019 909 ss·

175 932 225 984 Sin
238 932 357 984 nostrum
370 932 494 984 annuerit
507 931 586 983 nobis
599 930 715 985 victoria
727 933 861 997 Martem,

174 1000 231 1071 (Ut
244 1003 337 1072 potius
350 1019 419 1067 reor,
442 1004 468 1054 dc
482 1003 574 1071 potius
588 1000 618 1054 di
631 1001 742 1056 numine
755 1000 878 1073 firment)

172 1074 238 1125 Non
251 1090 303 1142 ego
316 1089 364 1125 nec
375 1072 494 1125 Teucris
507 1072 593 1125 Italos
605 1088 699 1142 parere
710 1072 828 1137 jubebo,
945 1119 948 1123 .

172 1145 233 1197 Nec
247 1143 314 1196 mihi
327 1159 408 1213 regna
422 1156 502 1213 petor
526 1144 638 1212 paribus
651 1143 677 1198 se
690 1143 800 1211 legibus
812 1144 902 1200 ambae
935 1159 991 1214 190.

171 1213 290 1265 Invidiae
301 1226 396 1283 gentes
409 1226 509 1266 aeterna
522 1214 549 1265 in
563 1213 668 1266 liudem
680 1214 760 1267 mitta
780 1224 802 1267 t.

171 1283 255 1336 Sacra
267 1284 385 1351 deosque
399 1284 471 1336 dabo
481 1301 498 1335 :·
511 1283 586 1336 socer
595 1301 669 1336 arma
680 1232 795 1338 Latinlls
806 1283 920 1352 habeto,

170 1353 325 1423 Imperium
338 1354 457 1406 solemne
468 1353 558 1407 socer:
583 1353 650 1407 mihi
663 1354 765 1413 moeniu
774 1356 879 1409 Teucri

171 1424 356 1489 Caudinum,
378 1426 495 1491 urbique
508 1424 586 1477 dabit
598 1424 713 1479 Lavinia
725 1440 835 1480 nomen.
871 1456 874 1463 ·

208 1494 252 1546 Sic
267 1495 340 1564 prior
355 1497 470 1552 AEneas:
494 1494 617 1562 sequitur
630 1494 664 1546 sic
678 1493 776 1545 deinde
787 1494 903 1560 Latinus
934 1511 984 1565 195

171 1564 329 1636 Suspiciens
342 1564 457 1629 coelum,
478 1564 621 1632 tenditque
634 1564 668 1616 ad
682 1563 765 1619 sidera
780 1564 926 1622 dextram:
941 1615 943 1619 ,

168 1637 240 1687 Haec
253 1635 360 1701 eadem,
382 1638 482 1699 AEuea,
503 1648 613 1699 terram,
633 1650 717 1698 mare,
737 1634 831 1699 sidera,
851 1638 929 1703 juro,

167 1706 339 1772 Latonaeque
353 1708 438 1774 genus
452 1705 569 1775 duplex,
590 1706 746 1772 janumque
758 1704 921 1774 bifrontem,

166 1775 289 1844 Vimque
302 1773 386 1829 deum
399 1775 543 1841 infernam,
565 1776 591 1827 dc
604 1775 657 1829 diri
671 1773 784 1831 sacraria
795 1776 881 1833 Ditis.

166 1847 277 1900 Audiat
292 1848 351 1900 haec
364 1847 482 1917 genitor,
496 1847 544 1914 qui
558 1845 664 1899 foedera
674 1845 791 1902 fulmine
804 1846 905 1904 saucit:
928 1865 982 1906 τοο

166 1918 270 1986 Tango
282 1933 351 1983 aras,
372 1917 529 1984 mediosque
542 1916 619 1986 ignes
633 1918 659 1968 tic
670 1917 783 1972 numina
795 1917 892 1984 tellum

166 1987 256 2041 Nulla
268 1988 328 2040 dies
340 2004 436 2057 pacem
449 1989 519 2039 hanc
534 1987 612 2040 Italis
623 2001 673 2038 nec
686 1986 793 2039 soedera
804 1998 926 2059 rumpet,

166 2061 235 2127 Qto
247 2074 289 2109 res
301 2074 421 2129 cumque
433 2057 548 2111 cadenti
572 2068 622 2111 nec
635 2073 678 2114 me
688 2057 732 2109 vis
744 2056 803 2109 ulla
814 2057 957 2117 volentem
984 2060 987 2065 ’

167 2131 307 2195 Avertet;
329 2145 383 2181 nou
395 2129 416 2197 st¹
427 2128 555 2181 tellurem
567 2127 692 2181 effundat
704 2126 733 2179 in
744 2128 832 2184 undas

166 2197 287 2252 Diluvio
299 2198 424 2264 miscens,
443 2199 603 2265 coelumque
616 2197 644 2249 in
657 2199 774 2251 Tartara
786 2197 893 2252 solvate
928 2215 981 2270 205

164 2268 354 2339 Utsceptrum
364 2269 416 2327 hoc
429 2267 542 2392 qdertri
552 2269 691 2338 sceptrum
700 2267 979 2340 namsottdgerebat)
1018 2298 1023 2305 -

164 2340 317 2406 Nunquam
330 2339 426 2394 froude
449 2338 494 2391 evi
508 2338 607 2391 srmdet
619 2337 743 2407 virgulta
754 2355 843 2407 neque
856 2339 980 2412 umbrae,

167 2411 243 2463 Cum
257 2409 339 2462 semel
350 2410 378 2462 in
391 2409 476 2480 sylvis
488 2409 544 2462 imo
556 2409 592 2461 de
605 2407 632 2461 n·
669 2423 684 2461 e
697 2408 814 2462 recisum
846 2451 850 2457 .

165 2482 261 2533 Matre
274 2490 359 2545 caret,
379 2479 525 2551 posuitque
537 2495 631 2535 comas
684 2478 797 2532 brachia
808 2477 900 2549 serr03
932 2536 938 2550 ¹

165 2550 244 2604 Olim
257 2550 348 2615 arbos,
369 2566 440 2602 nunc
453 2549 566 2603 artificis
578 2565 676 2602 manus
688 2565 741 2602 aere
753 2548 863 2610 decoro,
925 2568 980 2609 κιο

164 2620 292 2690 inclusit,
312 2620 492 2694 patribusque
502 2619 583 2672 dedit
592 2619 693 2689 gestare
705 2619 821 2674 Latinis.

161 2691 287 2744 Talibus
296 2691 367 2743 inter
379 2691 406 2743 se
418 2691 562 2744 firmabant
575 2689 681 2742 soedera
693 2688 775 2742 dietis

164 2760 325 2831 Conspestu
338 2762 366 2814 in
378 2761 470 2819 medio
482 2776 628 2831 procerum
639 2780 647 2814 ε
670 2771 730 2813 tum
742 2757 795 2814 rite
807 2759 925 2818 sacratae
996 2809 998 2812 Α

153 2833 198 2891 ‚lu
212 2831 493 2901 flammamjugulant
505 2830 645 2901 pecudea,¹
660 2830 686 2884 8ι
700 2829 804 2887 viscera
815 2832 890 2890 vivis

162 2901 214 2956 Eri
237 2902 307 2966 iunt,
327 2902 527 2970 cumulantque
538 2900 657 2957 onemtia
670 2900 796 2957 lancibus
807 2917 877 2962 aras.
925 2922 956 2963 21
958 2919 978 2979 J

233 2979 243 3024 t
255 2971 323 3024 vero
335 2971 450 3026 Rutulis
462 2972 552 3043 impar
562 2988 595 3024 ea
608 2987 701 3042 pugna
713 2971 802 3026 videri

162 3041 346 3118 jamdudum,
368 3043 394 3103 dt
407 3042 483 3102 vario
496 3041 605 3096 misceri
616 3040 730 3116 pectora
739 3053 843 3108 metue

518 3115 540 3176 F
561 3112 615 3192 §q
917 3111 1022 3164 'Tm
