2300 3600
361 264 506 308 tunquam
518 264 607 293 villius
619 264 701 311 lUllgC
714 264 849 293 collusum
862 264 1027 311 PI'OOEHCHK
1038 264 1045 291 s

361 311 485 373 Substitit
499 313 619 377 AEneas3
640 311 800 381 gemituque
814 312 874 364 haec
887 311 998 364 addidit
1011 311 1045 363 ait

358 380 416 433 Nos
428 380 496 437 arias
509 382 573 434 hinc
586 382 621 433 ad
639 382 773 451 lacrymas
785 382 882 435 eadem
895 381 1008 434 horrida
1020 382 1045 434 br

361 452 429 504 Fata
441 462 552 505 vocant.
571 450 645 504 salve
659 465 793 505 aeternum
806 452 885 519 mihi,
906 453 1030 505 maxime

359 523 565 590 AEternumque
578 523 652 575 vase.
672 540 721 575 nec
735 524 816 595 plura
828 524 928 575 esiutus
940 524 975 575 ad
989 523 1045 575 alto

357 592 507 647 Tendebat
521 609 624 658 muros,
644 594 817 662 gressumque
831 594 858 646 in
870 594 955 646 castra
969 594 1045 647 sereh

395 664 514 731 Jamque
526 675 648 716 oratores
659 664 771 717 aderant
784 680 818 716 ex
832 663 901 717 urbe
916 662 1028 731 Latinis,

359 733 455 798 Veluti
468 733 550 787 ramis
563 732 644 799 oleae,
664 735 827 801 veniamque
840 746 988 813 rogantes:

361 804 496 875 Corpora,
517 821 566 877 per
578 819 691 875 campos
705 803 776 856 serro
790 822 852 871 quae
866 804 927 857 tusa
937 806 1045 870 jacebat

360 874 513 942 Redderes,
532 891 563 927 ac
578 876 688 928 tumulo
701 876 796 928 sineret
809 875 956 931 succedere
972 888 1045 929 terra

360 944 480 1001 Nullum
493 962 557 999 cum
571 945 652 1013 viciis
665 959 803 997 certamen
820 946 846 998 sir
859 945 963 997 aethere
976 946 1045 999 cassi:

361 1012 487 1069 Parceret
503 1015 660 1086 hospitibus
673 1016 812 1083 quondam
825 1016 979 1084 socerisque
992 1034 1045 1069 voc

362 1091 441 1159 Qos
451 1083 662 1151 bonusAEnezis‚
674 1087 747 1138 haud
762 1086 929 1157 aspernanda
943 1104 1045 1156 precan

361 1153 538 1225 Prosequitur
550 1156 642 1221 veniri,
665 1157 690 1209 δι
704 1156 797 1208 verbis
809 1158 869 1210 haec
882 1155 995 1227 insuper
1007 1159 1041 1211 ad

362 1230 501 1303 Qaenarn
513 1242 563 1280 vos
578 1238 653 1280 tanto
667 1227 778 1279 fortuna
791 1226 913 1297 indigna,
937 1228 1043 1295 Latini,

285 1313 291 1324 ³
361 1298 506 1369 implicuit
519 1296 604 1359 bello,
624 1298 671 1365 qui
684 1314 732 1350 nos
746 1297 860 1367 fugiatis
872 1297 998 1351 amicos?

361 1366 461 1428 Paceni
471 1384 515 1421 rue
527 1369 661 1422 exanimis
674 1370 699 1420 dc
714 1368 900 1429 Martissorte
913 1380 1043 1440 perempt

362 1438 472 1492 Oratis?
490 1438 621 1507 equidem
635 1440 660 1491 δι
674 1439 747 1491 vivis
760 1440 910 1491 concedere
924 1440 1041 1493 vellem.

358 1508 418 1563 Nec
431 1510 506 1577 veni,
527 1507 574 1562 nist
588 1509 644 1561 sata
657 1508 751 1561 lorum
764 1508 911 1577 sedensque
923 1512 1045 1563 dedissen

360 1578 419 1633 Nec
433 1579 539 1633 bellum
551 1595 618 1633 curn
630 1596 711 1651 gente
724 1596 811 1650 gero:
829 1597 878 1641 rex
894 1582 980 1633 nostra
993 1582 1045 1634 reli

360 1651 499 1721 Hospitis,
515 1651 541 1703 dr
552 1651 643 1706 Turni
657 1651 749 1721 potius
763 1651 789 1702 se
802 1652 920 1704 credidit
930 1653 1026 1704 arrnis.

359 1720 483 1789 AEquius
495 1720 562 1773 huic
575 1722 705 1774 Turnum
719 1720 810 1774 suerat
823 1721 849 1774 se
862 1739 1004 1793 opponere
1018 1740 1045 1776 in

361 1790 389 1847 Si
402 1790 509 1844 bellurn
522 1790 598 1845 finire
612 1810 705 1858 manu,
724 1792 742 1844 si
756 1791 858 1860 pellere
872 1795 1000 1847 Teucros
