2300 3600
178 369 233 421 tsl
374 365 407 420 P.
427 363 605 419 VIRGILII
623 359 814 418 MARONIS

183 459 218 512 In
231 468 348 529 partem,
363 474 425 525 quae
437 457 508 527 peste
521 467 612 524 caret;
627 456 821 527 tum-pondere
833 452 914 508 turris

183 529 338 582 Procubuit
351 527 453 593 subito,
470 530 495 579 sc
509 528 613 581 coelum
626 538 703 580 tonat
715 544 797 580 omne
812 525 928 596 fragore.

185 600 341 652 Semineces
353 599 388 651 ad
402 611 512 663 terram,
533 599 646 652 immani
659 598 731 651 mole
746 596 853 664 secuti,

183 670 351 737 Confixique
364 669 419 721 suis
432 669 505 733 telis,
527 671 552 721 δι
567 668 679 740 pesiora
691 669 761 721 duro

182 741 211 793 T
214 740 331 793 ransfoffi
346 740 423 808 ligno
436 740 563 793 veniunt.
581 740 629 792 vix
644 756 716 792 unus
727 738 860 805 Helenor,

181 811 222 864 Et
232 811 324 879 Lycus
336 810 434 880 elapsr:
454 827 572 877 quornm
585 810 737 880 primatus
751 810 885 877 Helenor,

184 880 309 934 Maeonio
321 881 380 950 regi
392 896 477 948 quem
489 881 567 933 serva
580 880 724 949 Licymnia
737 879 836 935 furtim

184 951 346 1017 Sustulerat,
363 951 511 1019 vetitisque
524 952 559 1004 ad
572 954 600 1005 T
602 952 689 1017 rojam
702 950 813 1005 miserat
825 950 919 1020 armis,

180 1021 255 1074 Ense
268 1021 339 1074 levis
351 1022 437 1087 nudo,
456 1022 606 1092 paruisque
620 1021 753 1094 inglprius
765 1020 842 1076 arnt.

183 1090 265 1159 Isque
278 1092 327 1146 ubi
341 1091 368 1145 se
379 1093 470 1145 Turni
482 1094 573 1145 media
586 1093 657 1145 inter
669 1092 757 1145 millia
767 1093 859 1161 vidit;

183 1162 256 1214 Hinc
270 1163 353 1229 acies,
371 1174 453 1231 atque
467 1164 530 1215 hinc
543 1163 617 1216 acies
628 1163 712 1216 astare
725 1164 839 1217 Latinas
850 1185 860 1232 ς

182 1233 223 1285 Ut
237 1232 304 1299 sera,
323 1252 386 1301 quae
399 1233 483 1286 densi
496 1246 648 1286 venantum
661 1234 737 1305 septa
747 1234 853 1288 corona

183 1303 288 1357 Contra
302 1305 357 1357 tela
370 1304 448 1370 surit,
466 1304 574 1373 seseque
589 1305 664 1357 haud
678 1304 768 1358 nescia
779 1306 864 1360 morti

183 1375 289 1441 lnjicit,
306 1378 332 1429 ἃ
346 1375 417 1428 saltu
432 1376 512 1445 supra
524 1376 664 1428 venabula
678 1375 784 1429 fertur:

183 1447 268 1498 Haud
278 1447 358 1500 aliter
367 1447 480 1511 juvenis
492 1446 598 1499 medios
611 1446 762 1499 moriturus
775 1446 802 1498 in
812 1446 902 1501 hosles

181 1518 283 1584 lrruit;
304 1518 342 1583 sc,
356 1520 413 1585 qua
425 1518 481 1569 tela
492 1517 570 1570 videt
584 1517 741 1582 densissima,
756 1518 858 1572 tendit.

183 1591 224 1640 At
239 1588 356 1657 pedibus
369 1588 450 1657 longe
464 1588 562 1640 melior
571 1589 664 1657 Lycus
677 1588 748 1640 inter
761 1589 787 1642 δι
802 1588 903 1654 hostes,

183 1660 259 1711 Inter
273 1661 297 1711 δι
311 1676 396 1725 arma,
412 1657 480 1728 fugai
493 1674 587 1711 muros
601 1670 692 1725 tenet;
711 1658 824 1725 altaque
837 1669 924 1712 certat

134 1745 137 1752 ·
180 1728 315 1783 Prendere
330 1730 402 1782 tetta
413 1746 506 1794 manu,
522 1728 682 1798 socislmque
695 1729 831 1800 attingere
844 1730 932 1784 dextra

183 1803 276 1873 Qem
286 1803 412 1867 Turnus,
426 1801 528 1870 pariter
539 1801 622 1853 cursu
637 1801 746 1868 teloque
761 1803 883 1866 secutus,

181 1872 308 1941 Increpat
322 1872 365 1925 his
377 1870 484 1924 visior:
504 1871 657 1936 Nostrasne,
671 1872 798 1937 evadere,
814 1873 932 1941 detinens,

181 1943 298 2010 Sper‘isii
311 1955 338 1995 te
351 1943 423 2012 polle
437 1950 549 1995 manus?
570 1943 649 1995 simul
661 1943 758 2012 arripit
771 1943 863 2012 ipsum

181 2014 360 2079 Pendentem,
376 2015 401 2066 δι
416 2013 515 2082 magnai
528 2014 599 2077 muri
612 2029 677 2065 curn
691 2025 767 2082 parte
780 2014 911 2067 revellit:

178 2084 280 2156 Qalis
289 2085 337 2135 ubi
347 2097 395 2137 aut
405 2085 538 2154 leporem,
546 2097 595 2136 aut
605 2084 732 2136 candenti
742 2100 858 2154 corpore
866 2101 932 2154 tycn

180 2155 294 2206 Sustulit
308 2155 364 2207 alta
377 2169 472 2225 petens
485 2156 604 2225 pedibus
616 2155 695 2220 Jovis
707 2155 827 2224 armiger
840 2157 932 2208 uncis:

179 2227 336 2297 Qaesrtum
351 2240 399 2277 aut
413 2228 492 2278 matri
506 2226 602 2278 multis
615 2224 754 2277 balatibus
767 2243 873 2294 agnum

180 2296 301 2348 Martius
314 2314 330 2346 a
344 2296 455 2348 stabulis
467 2298 559 2367 rapuit
573 2297 667 2365 lupus.
685 2295 808 2363 undique
821 2297 927 2350 clamor

177 2367 315 2420 Tollitur.
334 2366 479 2432 invadunt,
500 2368 525 2419 δι
541 2367 620 2418 solsas
631 2382 730 2435 aggere
743 2368 898 2437 complent.

178 2438 318 2489 Ardentes
332 2438 418 2489 taedas
431 2437 477 2490 alii
490 2438 525 2490 ad
540 2437 643 2506 fastigia
654 2436 771 2500 jaciant.

216 2509 337 2559 Ilioneus
350 2508 415 2559 saxo
426 2520 508 2575 atque
522 2507 626 2575 ingenti
641 2506 775 2575 fragmine
789 2509 892 2562 montis

177 2578 337 2643 Lucetium,
352 2592 439 2647 portae
450 2579 624 2643 subeuntem,
639 2576 768 2646 ignesque
778 2578 928 2649 serentem3

178 2648 345 2700 Emathiona
361 2650 452 2717 Liger,
467 2650 636 2717 Corynaeum
649 2649 739 2700 sternit
751 2650 870 2717 Al'ylas:

178 2719 232 2771 Hic
243 2718 338 2783 jaculo
348 2712 449 2783 bonus,
467 2721 512 2772 hic
527 2719 608 2787 longe
623 2719 735 2770 fallente
750 2719 861 2789 sagitti.

177 2789 329 2857 Ortygium
343 2790 472 2853 Caeneus,
490 2790 624 2842 vislorem
639 2790 739 2841 Caenea
754 2792 888 2846 Turnus:

175 2860 932 2930 Turnusltym,Cloniumque‚Dioxippum,l'romulutn

175 2930 213 2981 Et
222 2928 352 3000 Sagarim,
363 2931 386 2982 ἃ
396 2930 508 2982 summis
518 2932 629 2982 stantem
641 2949 689 3000 pro
699 2932 822 2983 turribus
834 2933 921 2987 ldau:

165 3003 213 3056 Pri
217 3019 337 3058 vernum
350 3003 461 3076 Capys:
477 3003 552 3056 liuns
561 3002 651 3073 primo
664 3003 705 3053 leu
711 3003 733 3053 is
745 3002 818 3055 ltalia
832 3006 933 3057 'l'emil

151 3076 338 3137 strinxerat:
357 3078 409 3135 ille
421 3093 543 3134 manum
553 3072 682 3148 molesto
693 3073 817 3142 tegmine
826 3075 933 3125 ueniens
