2300 3600
335 264 434 350 Nunc
428 303 480 343 iter
492 292 527 343 ad
540 264 631 372 regern
631 264 739 344 nobis
737 264 884 358 murusque
887 264 1021 345 Latinus.

336 366 425 417 Arma
439 377 553 432 parate;·
570 362 681 428 animis,
693 364 719 414 δι
734 363 786 443 spe
794 363 953 432 praesumite
966 362 1045 415 bellu

335 434 379 488 Ne
393 450 447 500 qua
461 450 536 485 mora
549 435 665 502 igneum,
683 433 732 484 ubi
746 433 866 502 primurn
879 433 985 487 vellere
1000 433 1045 504 sgr

338 503 496 558 Anuuerint
510 504 619 575 Superi,
641 505 799 573 pubemque
814 503 938 556 educere
943 490 1045 557 castris

339 575 495 644 Impediat,
515 574 660 643 segnesque
674 586 750 626 metu
765 574 896 626 sententia
908 575 1012 627 tardet.

339 646 447 700 Interea
461 644 546 697 socios
561 645 758 712 inhumataque
772 659 887 715 corpora
900 656 981 699 terree

340 716 524 769 Mandemus:
546 715 593 783 qui
608 714 681 767 solus
695 716 781 768 honos
794 716 954 768 Acheronte
967 714 1034 769 sub
1028 734 1045 769 ιι

341 788 394 851 lte,
410 786 466 837 ait·
459 785 608 855 ,egregias
620 786 734 850 animur,
753 800 798 853 qu
794 804 815 837 e.
830 786 961 856 sanguine
975 787 1042 840 nobi

341 857 420 911 Hunc
431 857 547 926 patriam
562 873 691 927 peperere
702 856 760 920 suo,
780 856 905 908 decorate
920 857 1043 927 supremi

341 928 523 982 Muneribus.
540 927 716 994 moestamque
729 927 850 979 Evandri
863 928 971 1008 primus
982 928 1045 980 adu

342 999 478 1053 Mittatur
492 998 592 1065 Pallas,
611 1011 693 1065 quern
706 1013 760 1049 non
775 997 885 1050 virtutis
897 1011 1030 1069 egentem

343 1068 469 1125 Abstulit
482 1079 539 1121 atra
552 1067 621 1133 diet,
643 1070 668 1119 tit
682 1066 777 1120 funere
791 1069 880 1121 mersu
893 1071 1007 1123 acerbo.

379 1139 422 1191 Sic
433 1139 470 1191 ait
482 1139 666 1207 illacrymant,
678 1139 831 1209 recipitque
844 1139 879 1191 ad
891 1139 989 1192 limina
1000 1156 1045 1211 gre

343 1211 454 1281 Corpus
464 1210 512 1262 ubi
525 1210 645 1263 exanimi
658 1209 777 1290 positum
791 1210 1042 1265 Patientieucetes

345 1282 477 1334 Servabat
492 1281 594 1333 senior:
618 1282 664 1347 qui
680 1281 818 1334 Parrhasio
829 1282 960 1334 Evandro

345 1352 478 1421 Armiger
490 1349 551 1404 ante
566 1350 638 1417 fuit;
657 1352 704 1404 sed
718 1368 771 1403 non
785 1352 914 1405 felicibus
927 1352 1010 1420 aeque

345 1425 424 1475 Tum
436 1424 528 1475 comes
541 1422 671 1492 auspiciis
683 1433 745 1473 caro
758 1422 840 1474 datus
852 1421 910 1474 ibat
924 1424 1040 1476 alumno

346 1493 461 1545 Circiun
469 1494 556 1546 omnis
567 1492 755 1560 famulamque
765 1494 1045 1562 ruanusTrojunuque

347 1564 384 1618 Et
399 1563 638 1624 rnoestum.lliades
651 1563 754 1616 crinein
767 1563 801 1618 de
814 1563 889 1617 more
903 1563 1015 1619 solutae.

347 1636 387 1690 Ut
400 1650 466 1685 vero
480 1638 583 1690 AEneas
598 1633 704 1686 soribus
720 1633 773 1687 sese
787 1635 882 1689 intulit
894 1634 970 1699 altis,

349 1705 491 1775 Ingentem
503 1704 639 1780 gemitum
653 1705 736 1756 tunsis
749 1705 782 1755 ad
797 1706 881 1757 sidera
894 1705 1002 1760 tollunt

351 1767 524 1840 Pectoribus,
544 1767 712 1874 mustoque
707 1775 836 1847 mimugit
843 1775 955 1874 :stgiae
934 1775 1030 1833 iustu.

328 1845 443 1874 ‘'im-s
447 1815 634 1874 ,..·’.....:-....tt
694 1847 825 1874 *Dalm
