2300 3600
167 393 222 451 ψ
367 378 402 434 P.
419 356 597 434 vinoun
615 378 803 433 Muttonis

168 470 366 540 Turbantique
376 473 460 538 vitoe,
481 472 623 544 perfertur
634 471 757 537 nuntius,
778 471 883 526 hoslent

170 544 289 595 Fervere
302 544 378 596 caede
392 544 475 609 noval,
494 546 519 596 dc
533 555 626 614 portas
639 544 761 614 praebere
776 554 910 614 patentes.

171 614 281 666 Deserit
295 614 452 684 inceptum3
467 626 551 682 atque
566 614 676 667 immani
687 614 812 666 concitus
825 612 866 665 ira

171 683 340 737 Dardaniam
349 685 406 737 ruit
414 685 449 738 ad
459 697 579 754 portam,
594 684 743 752 fratresque
758 684 906 754 superbos;
934 683 976 749 695

171 754 210 806 Et
224 756 345 824 primum
356 755 541 823 Antiphaten,
555 756 579 808 is
591 756 664 807 enim
677 756 703 807 se
715 756 820 825 primus
832 753 938 825 agebat,

172 823 309 877 Thebana
321 825 355 876 de
368 837 455 878 matre
470 827 588 880 nothum
603 824 767 896 Sarpedonis
778 825 842 891 alti,

173 894 309 961 Conjeclo
322 895 413 948 sternit
423 897 533 964 jaculo,
554 896 632 949 volat
650 897 720 950 ltala
732 912 834 948 cornus

174 967 249 1019 Adra
262 982 310 1035 per
321 978 457 1030 tenerum,
472 968 663 1035 stomachoque
677 966 762 1019 infixa
774 982 824 1036 per
836 965 926 1019 altum

174 1034 275 1089 Pectus
287 1036 363 1089 abit:
385 1037 476 1090 reddit
490 1038 505 1089 s
522 1054 588 1090 ecus
600 1037 651 1090 atri
665 1037 786 1090 vulneris
800 1036 905 1090 undam
937 1047 980 1102 γα

175 1108 367 1175 Spumantem,
384 1109 409 1161 dc
423 1108 480 1160 fixo
494 1057 598 1161 semum
611 1109 639 1160 in
649 1109 781 1179 pulmone
791 1106 919 1177 tepescit.

174 1178 253 1231 Tum
267 1177 416 1260 Meropem
430 1191 513 1246 atque
529 1179 700 1248 Erymantha
713 1195 807 1244 manu,
826 1189 888 1231 tunt
901 1173 980 1230 sternit

283 1248 467 1329 Aphidnum3

174 1319 255 1372 Turn
270 1320 360 1371 Bitian
372 1320 513 1374 ardentem
522 1320 622 1386 oculis,
637 1318 786 1387 animisque
801 1317 967 1381 frementem,
1025 1369 1026 1384 ,

177 1390 240 1443 Νοη
250 1389 355 1456 jaculo,
371 1389 542 1458 nequeenim
552 1391 648 1457 jaculo
658 1391 746 1442 vitam
760 1389 807 1442 ille
821 1389 943 1453 dedisset,
1024 1395 1026 1458 J

179 1461 232 1513 Sed
244 1463 374 1531 magnum
387 1460 498 1513 stridens
508 1473 634 1514 contorta
646 1460 785 1530 phalarica
798 1461 888 1525 venit,
941 1469 983 1524 τος
1023 1509 1027 1542 ⁸

179 1530 314 1586 Fulminis
324 1529 384 1583 asta
397 1532 495 1585 modo:
511 1549 595 1599 quam
609 1548 657 1583 nec
668 1531 724 1583 duo
738 1542 833 1583 taurea
845 1542 932 1601 terge,
1025 1555 1026 1604 3

179 1603 238 1656 Nec
252 1601 358 1671 duplici
372 1600 484 1669 squamd
498 1603 583 1655 lorica
595 1601 684 1654 sidelis
698 1603 723 1654 δι
736 1617 805 1653 auro
955 1607 957 1612 '

180 1671 329 1725 Sustinuit:
347 1672 469 1742 collapsa
482 1686 566 1725 ruunt
581 1673 708 1726 immania
718 1672 852 1726 membra.

181 1743 238 1798 Dat
252 1742 335 1794 tellus
347 1743 492 1814 gemitum,
509 1745 535 1798 dc
546 1744 676 1815 clypeum
691 1742 879 1813 superintonat
888 1742 984 1813 ingm-

182 1812 281 1882 Qalis
293 1814 321 1866 in
333 1815 461 1868 Euboico
473 1815 602 1869 Baiarum
615 1816 694 1867 litore
708 1814 848 1882 quondam
943 1822 987 1879 710

182 1888 270 1936 Saxea
283 1884 340 1954 pila
353 1885 445 1951 cadit3
465 1887 570 1955 magnis
584 1903 666 1954 quam
679 1885 801 1937 molibus
809 1884 875 1938 ante

183 1955 372 2009 Construdlam
387 1967 471 2026 ponto
481 1957 608 2024 jaciunt,
626 1956 660 2008 sic
674 1956 722 2009 illa
735 1955 844 2009 ruinam

182 2028 270 2080 Prona
283 2027 377 2092 trahit,
397 2027 559 2097 penitusque
574 2029 652 2080 vadis
666 2026 736 2078 illisa
749 2026 889 2078 recumbit
901 2047 908 2093 ς

182 2097 304 2149 Miscent
318 2097 343 2148 se
358 2099 451 2162 maria,
475 2099 500 2151 dc
515 2100 597 2167 nigrae
611 2097 778 2151 attolluntur
788 2113 898 2149 arenae:

180 2166 988 2237 TumsonituProchytaaltatremit,durumquecubileqrs

182 2239 299 2292 inarime
313 2240 392 2305 Jovis
407 2241 526 2309 imperiis
540 2241 653 2307 imposta
664 2239 813 2307 Typhoeo.

183 2312 237 2377 llic
252 2313 329 2362 Mars
342 2311 509 2380 armipotens
522 2311 644 2362 animum
658 2308 783 2376 viresque
798 2307 905 2362 Latinis

183 2381 316 2446 Addidit,
333 2381 358 2433 a
374 2380 495 2433 stimulos
508 2398 583 2433 acres
596 2382 646 2433 sub
661 2379 771 2452 peclora
783 2381 887 2446 vertit;

184 2452 355 2518 Immisitqnc
369 2451 605 2519 r‘ugani'l'eueriS,
620 2466 766 2519 atrumque
780 2452 921 2503 timorem.

184 2521 315 2589 Undique
324 2523 502 2586 conveniunt,
514 2522 643 2590 quoniam
653 2520 805 2592 datacopia
816 2538 931 2592 pugnae,
951 2530 993 2586 qm

184 2591 361 2660 Bellatorque
375 2593 480 2644 animos
491 2593 561 2645 <leus
574 2592 681 2646 incidit.

223 2663 372 2728 Pandarus,
387 2675 419 2716 nt
433 2663 494 2716 t‘uso
506 2680 667 2734 germanum
680 2679 794 2733 corpore
804 2664 906 2732 cernit,

184 2735 222 2788 Et
236 2751 290 2800 quo
304 2735 335 2786 lit
350 2733 460 2786 fortuna
473 2735 544 2799 loco,
564 2736 611 2801 qui
625 2735 701 2787 casus
714 2744 777 2804 agat
790 2750 845 2800 res,

184 2807 296 2858 Portam
310 2804 339 2856 vi
352 2804 441 2857 runltd
455 2806 587 2858 converso
600 2806 709 2857 cardine
717 2815 828 2872 torquet

185 2876 316 2928 Obnixus
328 2875 391 2927 latis
404 2875 536 2942 humeris,
557 2875 713 2943 multosque
727 2875 841 2929 suorum
954 2886 993 2944 τις
1023 2884 1027 2933 i

178 2945 333 3001 Moenibus
345 2944 473 2999 exclusos
486 2947 557 2999 duro
574 2947 602 2998 in
615 2947 762 2999 certamine
777 2946 898 3015 linquite
1024 2966 1027 3041 p

169 3020 226 3074 All
234 3020 308 3074 alios
322 3020 422 3076 secum
436 3016 561 3076 includit
571 3016 728 3098 recipitque
737 3029 869 3098 ruentem,
1021 3050 1027 3105 1

158 3093 313 3151 Demens:
336 3095 387 3169 qui
407 3094 564 3153 Rutulum
574 3092 609 3147 in
619 3089 716 3167 medio
727 3103 784 3138 non
793 3101 900 3161 aqmme
909 3101 997 3163 nequ

155 3166 190 3190 '⁷³
195 3167 275 3230 derit
286 3171 535 3253 irrumpentem,
549 3166 692 3235 ultroque
703 3154 948 3215 metuluuutu:
