2300 3600
187 375 240 425 ²3²
376 356 410 411 Ρ.
433 354 612 409 VIRGILII
633 351 821 407 MARONIS

191 449 354 518 AErataeque
364 450 465 502 micant
498 448 573 515 eltae,
589 448 672 501 micat
686 464 775 500 aereus
787 447 868 501 enhs.

191 519 230 573 Et
243 532 270 573 te
284 520 414 574 moritolae
428 520 464 571 mi
478 535 522 571 ere
536 521 564 571 in
577 519 676 589 proelia
686 519 797 584 Nurlae,

192 591 291 657 Ufens,
309 591 438 660 insignem
452 589 526 641 fama
542 592 566 641 dc
583 590 712 642 felicibus
725 592 825 642 armis:

190 662 311 715 Horrida
322 658 462 732 praecipue
475 662 520 713 cui
534 676 611 730 gens,
629 660 787 728 assuetaque
800 658 892 712 multo

191 732 301 785 Venatu
314 747 466 795 nemorum,
485 731 561 783 duris
575 730 730 799 AEquicula
741 730 848 801 glebis:

179 816 182 823 '
195 803 303 860 Armati
317 812 415 854 terram
427 811 568 868 exercent,
588 802 746 872 semperque
760 813 884 854 recentes

191 870 363 927 Convediare
373 870 456 937 juvat
469 873 587 943 praedas,
611 872 635 926 δι
650 873 745 940 vivere
758 884 849 943 rapto.

191 946 269 1019 Qin
284 945 309 996 dc
322 940 470 999 Marrubit
483 944 559 995 venit
574 943 609 994 de
622 955 703 1011 gente
717 943 853 1009 sacerdos,

192 1013 299 1068 Fronde
312 1012 394 1083 super
405 1014 513 1084 galeam
525 1015 550 1066 δι
565 1013 641 1066 felici
655 1025 785 1084 comptus
796 1012 885 1083 olivi,

169 1140 172 1149 1
190 1084 332 1155 Archippi
343 1085 416 1155 regis
429 1084 518 1150 missu,
539 1084 697 1136 fortissimus
710 1084 836 1137 Umbro:

190 1153 310 1225 Vipereo
323 1155 417 1225 generi
432 1156 456 1207 dc
469 1154 591 1225 graviter
604 1154 769 1224 spirantibus
782 1154 879 1224 hydris

144 1231 147 1235 '
190 1227 325 1297 Spargere
336 1226 384 1294 qui
397 1226 504 1279 somnos
516 1224 655 1293 canttique
669 1223 807 1294 manrique
821 1226 935 1294 solebat,

192 1297 398 1365 Mulcebatque
406 1297 469 1363 iras,
485 1299 510 1349 δι
525 1297 630 1348 morsus
640 1310 697 1348 arte
707 1296 830 1349 levabat.

191 1369 246 1422 Sed
257 1386 310 1421 non
322 1367 469 1421 Dardaniae
483 1368 614 1420 medicari
628 1366 749 1438 cuspidis
763 1366 852 1421 ictum

191 1439 326 1507 Evaluit3
345 1455 432 1506 neque
442 1456 506 1491 eum
515 1440 616 1504 juvere
629 1439 657 1490 in
670 1438 786 1489 vulnera
799 1452 897 1492 cantus

191 1510 349 1575 Somnit'eri‚
368 1510 394 1562 dt
406 1510 504 1562 Marsis
517 1509 636 1576 quaesitae
648 1509 789 1561 montibus
802 1510 907 1565 herbae.

189 1580 235 1635 Te
249 1598 345 1634 nemus
357 1581 510 1651 Anguitiae,
528 1579 617 1632 vitreai
632 1590 659 1632 te
674 1580 796 1632 Fucinus
808 1581 896 1651 unda,

190 1650 236 1707 Te
249 1651 349 1721 liquidi
364 1651 465 1704 flevere
478 1652 566 1703 lacus.

228 1723 291 1776 Ibat
302 1722 328 1774 dc
340 1721 486 1792 Hippolyti
496 1721 588 1792 proles
601 1720 788 1793 pulcherrima
797 1723 875 1776 bello

189 1793 319 1849 Virbius:
340 1793 471 1864 infignem
484 1810 566 1862 quem
580 1811 668 1846 mater
680 1793 775 1848 Aricia
786 1798 869 1863 misit,

188 1864 333 1920 Edudlum
345 1865 453 1935 Egeriae
466 1865 546 1930 lucis,
565 1866 716 1917 Humentia
726 1867 833 1919 circum

190 1937 297 2002 Litora,
316 1937 426 2006 pinguis
436 1937 483 1987 ubi
500 1938 525 1987 Sc
537 1936 683 2006 placabilis
692 1953 737 1988 ara
748 1938 856 1991 Dianae.
901 1938 945 2004 [vt

189 2010 317 2077 Namque
330 2007 420 2059 ferunt
434 2007 507 2058 famia
522 2007 720 2077 Hippolytum,
736 2008 880 2077 postquam
894 2024 945 2061 arte

190 2079 342 2143 Occiderit,
362 2078 516 2148 patriasque
529 2078 648 2148 explerit
663 2079 792 2147 sanguine
807 2098 904 2149 poenas
925 2122 927 2127 .

188 2151 325 2204 Turbatis
335 2148 477 2200 distractus
487 2149 575 2217 equiS,
595 2150 629 2201 ad
643 2149 727 2201 sidera
740 2150 833 2202 rursus

189 2222 320 2275 AEtheria
335 2221 358 2271 8ι
374 2220 484 2290 superas
496 2220 561 2272 coeli
579 2219 679 2272 venisse
694 2220 743 2271 sub
757 2237 848 2288 auras,

190 2291 309 2344 Paeoniis
321 2302 482 2342 revocatum
492 2291 585 2343 herbis
600 2292 727 2342 &amore
739 2292 849 2346 Dianae.

189 2363 269 2415 Tum
279 2373 356 2432 pater
365 2360 548 2431 omnipotens,
558 2362 679 2429 aliquem
690 2361 850 2430 indignatus
859 2364 894 2417 ab
903 2381 945 2416 um

191 2430 344 2485 Mortalem
353 2433 464 2484 inl'ernis
477 2433 511 2484 ad
526 2432 630 2484 lumina
641 2433 749 2501 surgere
760 2434 839 2501 vitae,

190 2503 255 2573 Ipse
264 2512 431 2572 repertorem
442 2502 587 2555 medicinae
601 2503 663 2554 talis
678 2505 703 2554 dc
717 2503 782 2555 artis

191 2574 318 2626 Fulmine
331 2573 530 2643 Phoebigenam
541 2575 650 2643 Stygias
662 2574 775 2626 detrusit
786 2575 813 2627 in
827 2577 928 2631 undas.

190 2646 233 2699 At
243 2643 342 2696 Trivia
354 2645 539 2715 Hippolytum
553 2644 662 2696 secretis
675 2644 746 2696 alma
759 2649 885 2700 recondit

190 2714 307 2767 Sedibus
315 2737 322 2780 ;
343 2716 369 2766 dc
382 2716 511 2786 nymphae
524 2716 630 2786 Egeriae
645 2717 802 2783 nemorique
816 2719 939 2788 relegat:

171 2838 177 2844 ,
191 2785 272 2838 Solus
285 2785 334 2837 ubi
348 2785 375 2836 in
385 2785 470 2854 sylvis
481 2786 557 2838 stalis
567 2785 697 2855 ignobilis
711 2803 805 2839 aevum

189 2856 334 2926 Exigeret,
349 2856 482 2923 versoque
496 2857 544 2909 ubi
555 2859 663 2909 nomine
677 2857 790 2910 Virbius
804 2859 881 2914 essct.

185 2927 268 2982 Unde
278 2925 363 2982 etiam
378 2927 484 3001 templo
497 2927 605 2981 Triviae
619 2927 741 2995 lucisque
756 2929 867 2982 sacratis

172 2999 354 3075 cornipedes
363 3017 500 3059 arcentur
513 3000 599 3073 equi3
615 2999 693 3069 qu‘od
701 3000 785 3050 more
795 3016 911 3051 currum

153 3071 200 3128 Bt
205 3076 357 3143 juvenem
373 3078 514 3137 uronstris
526 3073 632 3153 pauidi
641 3069 907 3125 etluderemar'tms.
