<?xml version="1.0" encoding="UTF-8"?>
<!DOCTYPE html PUBLIC "-//W3C//DTD XHTML 1.0 Transitional//EN"
    "http://www.w3.org/TR/xhtml1/DTD/xhtml1-transitional.dtd">
<html xmlns="http://www.w3.org/1999/xhtml" xml:lang="en" lang="en">
 <head>
  <title>
</title>
<meta http-equiv="Content-Type" content="text/html;charset=utf-8" />
  <meta name='ocr-system' content='tesseract 3.04.00' />
  <meta name='ocr-capabilities' content='ocr_page ocr_carea ocr_par ocr_line ocrx_word'/>
</head>
<body>
  <div class='ocr_page' id='page_1' title='image "./pvirgiliimaroni02marogoog/pvirgiliimaroni02marogoog_0347.png"; bbox 0 0 2300 3600; ppageno 0'>
   <div class='ocr_carea' id='block_1_1' title="bbox 395 382 987 451">
    <p class='ocr_par' dir='ltr' id='par_1_1' title="bbox 395 382 987 451">
     <span class='ocr_line' id='line_1_1' title="bbox 395 382 987 451; baseline -0.003 -14"><span class='ocrx_word' id='word_1_1' title='bbox 395 383 583 438; x_wconf 77' lang='lat' dir='ltr'>AEuumos</span> <span class='ocrx_word' id='word_1_2' title='bbox 604 382 680 436; x_wconf 75' lang='grc' dir='ltr'>ΠΒ.</span> <span class='ocrx_word' id='word_1_3' title='bbox 693 382 749 436; x_wconf 83' lang='lat' dir='ltr'>XI.</span> <span class='ocrx_word' id='word_1_4' title='bbox 781 389 788 412; x_wconf 89' lang='grc'>·“</span> <span class='ocrx_word' id='word_1_5' title='bbox 937 384 987 451; x_wconf 78' lang='lat' dir='ltr'>3¹l</span> 
     </span>
    </p>
   </div>
   <div class='ocr_carea' id='block_1_2' title="bbox 115 471 989 2943">
    <p class='ocr_par' dir='ltr' id='par_1_2' title="bbox 163 471 913 545">
     <span class='ocr_line' id='line_1_2' title="bbox 163 471 913 545; baseline -0.008 -15"><span class='ocrx_word' id='word_1_6' title='bbox 163 474 320 545; x_wconf 80' lang='lat' dir='ltr'><strong>Tullaque,</strong></span> <span class='ocrx_word' id='word_1_7' title='bbox 346 475 372 528; x_wconf 76' lang='lat' dir='ltr'>dc</span> <span class='ocrx_word' id='word_1_8' title='bbox 387 488 499 544; x_wconf 79' lang='lat' dir='ltr'>aeratam</span> <span class='ocrx_word' id='word_1_9' title='bbox 511 476 636 545; x_wconf 87' lang='lat' dir='ltr'>quatiens</span> <span class='ocrx_word' id='word_1_10' title='bbox 649 475 772 543; x_wconf 81' lang='lat' dir='ltr'>Tarpeia</span> <span class='ocrx_word' id='word_1_11' title='bbox 785 471 913 539; x_wconf 88' lang='lat' dir='ltr'>securim,</span> 
     </span>
    </p>

    <p class='ocr_par' dir='ltr' id='par_1_3' title="bbox 163 545 812 617">
     <span class='ocr_line' id='line_1_3' title="bbox 163 545 812 617; baseline -0.003 -19"><span class='ocrx_word' id='word_1_12' title='bbox 163 547 282 604; x_wconf 86' lang='lat' dir='ltr'>Italides</span> <span class='ocrx_word' id='word_1_13' title='bbox 294 569 301 614; x_wconf 65' lang='grc' dir='ltr'><strong>ς</strong></span> <span class='ocrx_word' id='word_1_14' title='bbox 322 564 388 615; x_wconf 91' lang='lat' dir='ltr'>quas</span> <span class='ocrx_word' id='word_1_15' title='bbox 402 547 458 617; x_wconf 85' lang='lat' dir='ltr'>ipsa</span> <span class='ocrx_word' id='word_1_16' title='bbox 472 548 557 600; x_wconf 84' lang='lat' dir='ltr'>decus</span> <span class='ocrx_word' id='word_1_17' title='bbox 570 548 618 599; x_wconf 81' lang='lat' dir='ltr'>sibi</span> <span class='ocrx_word' id='word_1_18' title='bbox 632 548 677 600; x_wconf 90' lang='lat' dir='ltr'>dia</span> <span class='ocrx_word' id='word_1_19' title='bbox 691 545 812 598; x_wconf 89' lang='lat' dir='ltr'>Camilla</span> 
     </span>
    </p>

    <p class='ocr_par' dir='ltr' id='par_1_4' title="bbox 164 615 866 687">
     <span class='ocr_line' id='line_1_4' title="bbox 164 615 866 687; baseline -0.006 -14"><span class='ocrx_word' id='word_1_20' title='bbox 164 618 292 687; x_wconf 75' lang='lat' dir='ltr'>Detegit,</span> <span class='ocrx_word' id='word_1_21' title='bbox 310 617 437 687; x_wconf 75' lang='lat' dir='ltr'>pacisque</span> <span class='ocrx_word' id='word_1_22' title='bbox 451 620 547 682; x_wconf 87' lang='lat' dir='ltr'>bonas,</span> <span class='ocrx_word' id='word_1_23' title='bbox 567 617 702 684; x_wconf 81' lang='lat' dir='ltr'><strong>bellique,</strong></span> <span class='ocrx_word' id='word_1_24' title='bbox 722 615 866 669; x_wconf 76' lang='lat' dir='ltr'>ministrae.</span> 
     </span>
    </p>

    <p class='ocr_par' dir='ltr' id='par_1_5' title="bbox 164 686 866 759">
     <span class='ocr_line' id='line_1_5' title="bbox 164 686 866 759; baseline -0.004 -20"><span class='ocrx_word' id='word_1_25' title='bbox 164 689 274 759; x_wconf 80' lang='lat' dir='ltr'>Qales</span> <span class='ocrx_word' id='word_1_26' title='bbox 287 688 427 742; x_wconf 67' lang='lat' dir='ltr'>Threiciae</span> <span class='ocrx_word' id='word_1_27' title='bbox 441 692 506 741; x_wconf 80' lang='lat' dir='ltr'>cum</span> <span class='ocrx_word' id='word_1_28' title='bbox 520 689 635 741; x_wconf 87' lang='lat' dir='ltr'>flumina</span> <span class='ocrx_word' id='word_1_29' title='bbox 648 686 866 750; x_wconf 76' lang='lat' dir='ltr'>Thermodontis</span> 
     </span>
    </p>

    <p class='ocr_par' dir='ltr' id='par_1_6' title="bbox 115 756 984 1815">
     <span class='ocr_line' id='line_1_6' title="bbox 115 756 984 828; baseline -0.003 -16"><span class='ocrx_word' id='word_1_30' title='bbox 115 817 118 821; x_wconf 62' lang='grc'><em>,</em></span> <span class='ocrx_word' id='word_1_31' title='bbox 163 757 291 824; x_wconf 86' lang='lat' dir='ltr'>Pulsant,</span> <span class='ocrx_word' id='word_1_32' title='bbox 312 760 338 811; x_wconf 73' lang='grc' dir='ltr'>δι</span> <span class='ocrx_word' id='word_1_33' title='bbox 352 758 432 828; x_wconf 73' lang='lat' dir='ltr'>pistis</span> <span class='ocrx_word' id='word_1_34' title='bbox 444 760 586 811; x_wconf 85' lang='lat' dir='ltr'>bellantur</span> <span class='ocrx_word' id='word_1_35' title='bbox 599 763 757 811; x_wconf 81' lang='lat' dir='ltr'><strong>Amazones</strong></span> <span class='ocrx_word' id='word_1_36' title='bbox 770 756 852 811; x_wconf 82' lang='lat' dir='ltr'>armis</span> <span class='ocrx_word' id='word_1_37' title='bbox 864 778 872 823; x_wconf 68' lang='grc' dir='ltr'><strong>ς</strong></span> <span class='ocrx_word' id='word_1_38' title='bbox 931 759 984 810; x_wconf 80' lang='lat'>660</span> 
     </span>
     <span class='ocr_line' id='line_1_7' title="bbox 164 828 941 899; baseline 0 -18"><span class='ocrx_word' id='word_1_39' title='bbox 164 829 222 881; x_wconf 87' lang='lat' dir='ltr'>Seu</span> <span class='ocrx_word' id='word_1_40' title='bbox 234 829 343 881; x_wconf 78' lang='lat' dir='ltr'>circum</span> <span class='ocrx_word' id='word_1_41' title='bbox 355 829 538 899; x_wconf 71' lang='lat' dir='ltr'>Hippolyten,</span> <span class='ocrx_word' id='word_1_42' title='bbox 561 830 607 881; x_wconf 93' lang='lat' dir='ltr'>seu</span> <span class='ocrx_word' id='word_1_43' title='bbox 621 833 685 881; x_wconf 85' lang='lat' dir='ltr'>cum</span> <span class='ocrx_word' id='word_1_44' title='bbox 699 830 725 882; x_wconf 91' lang='lat' dir='ltr'>se</span> <span class='ocrx_word' id='word_1_45' title='bbox 740 828 844 883; x_wconf 83' lang='lat' dir='ltr'>Martia</span> <span class='ocrx_word' id='word_1_46' title='bbox 857 844 941 881; x_wconf 89' lang='lat' dir='ltr'>curru</span> 
     </span>
     <span class='ocr_line' id='line_1_8' title="bbox 162 898 896 968; baseline -0.004 -14"><span class='ocrx_word' id='word_1_47' title='bbox 162 899 335 954; x_wconf 84' lang='lat' dir='ltr'>Penthefilea</span> <span class='ocrx_word' id='word_1_48' title='bbox 348 900 442 964; x_wconf 86' lang='lat' dir='ltr'><strong>refert,</strong></span> <span class='ocrx_word' id='word_1_49' title='bbox 461 917 617 968; x_wconf 86' lang='lat' dir='ltr'>magnoque</span> <span class='ocrx_word' id='word_1_50' title='bbox 630 900 755 952; x_wconf 89' lang='lat' dir='ltr'>ululante</span> <span class='ocrx_word' id='word_1_51' title='bbox 771 898 896 951; x_wconf 87' lang='lat' dir='ltr'>tumultu</span> 
     </span>
     <span class='ocr_line' id='line_1_9' title="bbox 162 970 792 1039; baseline -0.002 -16"><span class='ocrx_word' id='word_1_52' title='bbox 162 970 294 1023; x_wconf 87' lang='lat' dir='ltr'>Feminea</span> <span class='ocrx_word' id='word_1_53' title='bbox 306 970 446 1023; x_wconf 80' lang='lat' dir='ltr'>exsultant</span> <span class='ocrx_word' id='word_1_54' title='bbox 459 970 561 1023; x_wconf 88' lang='lat' dir='ltr'>lunatis</span> <span class='ocrx_word' id='word_1_55' title='bbox 574 970 683 1039; x_wconf 84' lang='lat' dir='ltr'>agmina</span> <span class='ocrx_word' id='word_1_56' title='bbox 699 970 792 1039; x_wconf 87' lang='lat' dir='ltr'>peltis.</span> 
     </span>
     <span class='ocr_line' id='line_1_10' title="bbox 162 1037 953 1111; baseline 0.001 -19"><span class='ocrx_word' id='word_1_57' title='bbox 162 1037 259 1097; x_wconf 83' lang='lat' dir='ltr'>Quem</span> <span class='ocrx_word' id='word_1_58' title='bbox 273 1041 328 1102; x_wconf 84' lang='lat' dir='ltr'>telo</span> <span class='ocrx_word' id='word_1_59' title='bbox 340 1041 472 1111; x_wconf 90' lang='lat' dir='ltr'>primurn,</span> <span class='ocrx_word' id='word_1_60' title='bbox 493 1058 576 1107; x_wconf 90' lang='lat' dir='ltr'>quem</span> <span class='ocrx_word' id='word_1_61' title='bbox 587 1041 753 1110; x_wconf 88' lang='lat' dir='ltr'>postremum</span> <span class='ocrx_word' id='word_1_62' title='bbox 766 1039 860 1109; x_wconf 88' lang='lat' dir='ltr'>aspera</span> <span class='ocrx_word' id='word_1_63' title='bbox 872 1040 953 1110; x_wconf 86' lang='lat' dir='ltr'>virgo</span> 
     </span>
     <span class='ocr_line' id='line_1_11' title="bbox 162 1102 981 1181; baseline -0.002 -14"><span class='ocrx_word' id='word_1_64' title='bbox 162 1110 289 1176; x_wconf 79' lang='lat' dir='ltr'>Dejicis?</span> <span class='ocrx_word' id='word_1_65' title='bbox 304 1122 351 1163; x_wconf 86' lang='lat' dir='ltr'>aut</span> <span class='ocrx_word' id='word_1_66' title='bbox 363 1123 430 1178; x_wconf 91' lang='lat' dir='ltr'>quot</span> <span class='ocrx_word' id='word_1_67' title='bbox 439 1113 517 1164; x_wconf 86' lang='lat' dir='ltr'>humi</span> <span class='ocrx_word' id='word_1_68' title='bbox 526 1111 670 1165; x_wconf 88' lang='lat' dir='ltr'>morientia</span> <span class='ocrx_word' id='word_1_69' title='bbox 679 1102 795 1181; x_wconf 66' lang='lat' dir='ltr'>corpora</span> <span class='ocrx_word' id='word_1_70' title='bbox 805 1111 916 1164; x_wconf 85' lang='lat' dir='ltr'>lundis?</span> <span class='ocrx_word' id='word_1_71' title='bbox 930 1115 981 1180; x_wconf 84' lang='lat'>665</span> 
     </span>
     <span class='ocr_line' id='line_1_12' title="bbox 161 1181 896 1251; baseline -0.001 -16"><span class='ocrx_word' id='word_1_72' title='bbox 161 1181 305 1236; x_wconf 86' lang='lat' dir='ltr'>Eunaeum</span> <span class='ocrx_word' id='word_1_73' title='bbox 319 1182 412 1249; x_wconf 87' lang='lat' dir='ltr'>Clytio</span> <span class='ocrx_word' id='word_1_74' title='bbox 425 1182 547 1251; x_wconf 88' lang='lat' dir='ltr'>primum</span> <span class='ocrx_word' id='word_1_75' title='bbox 560 1195 654 1251; x_wconf 85' lang='lat' dir='ltr'>patre;</span> <span class='ocrx_word' id='word_1_76' title='bbox 674 1183 756 1247; x_wconf 90' lang='lat' dir='ltr'>cujus</span> <span class='ocrx_word' id='word_1_77' title='bbox 768 1192 896 1250; x_wconf 84' lang='lat' dir='ltr'>apertum</span> 
     </span>
     <span class='ocr_line' id='line_1_13' title="bbox 162 1250 821 1321; baseline 0.002 -18"><span class='ocrx_word' id='word_1_78' title='bbox 162 1252 283 1312; x_wconf 67' lang='lat' dir='ltr'>Adverfi</span> <span class='ocrx_word' id='word_1_79' title='bbox 301 1250 384 1321; x_wconf 74' lang='lat' dir='ltr'>longai</span> <span class='ocrx_word' id='word_1_80' title='bbox 397 1252 597 1305; x_wconf 80' lang='lat' dir='ltr'>transverberat</span> <span class='ocrx_word' id='word_1_81' title='bbox 610 1254 700 1305; x_wconf 87' lang='lat' dir='ltr'>abiete</span> <span class='ocrx_word' id='word_1_82' title='bbox 712 1250 821 1321; x_wconf 74' lang='lat' dir='ltr'>pestus.</span> 
     </span>
     <span class='ocr_line' id='line_1_14' title="bbox 161 1323 983 1392; baseline 0.002 -19"><span class='ocrx_word' id='word_1_83' title='bbox 161 1323 309 1392; x_wconf 77' lang='lat' dir='ltr'>Sanguinis</span> <span class='ocrx_word' id='word_1_84' title='bbox 322 1323 369 1375; x_wconf 91' lang='lat' dir='ltr'>ille</span> <span class='ocrx_word' id='word_1_85' title='bbox 381 1338 496 1374; x_wconf 84' lang='lat' dir='ltr'>vomens</span> <span class='ocrx_word' id='word_1_86' title='bbox 509 1324 584 1376; x_wconf 89' lang='lat' dir='ltr'>rivos</span> <span class='ocrx_word' id='word_1_87' title='bbox 596 1323 682 1387; x_wconf 86' lang='lat' dir='ltr'>cadit,</span> <span class='ocrx_word' id='word_1_88' title='bbox 700 1335 783 1389; x_wconf 86' lang='lat' dir='ltr'>atque</span> <span class='ocrx_word' id='word_1_89' title='bbox 793 1334 936 1375; x_wconf 85' lang='lat' dir='ltr'>cruentam</span> <span class='ocrx_word' id='word_1_90' title='bbox 981 1335 983 1340; x_wconf 86' lang='lat'>&#39;</span> 
     </span>
     <span class='ocr_line' id='line_1_15' title="bbox 162 1391 977 1459; baseline 0 -10"><span class='ocrx_word' id='word_1_91' title='bbox 162 1393 277 1449; x_wconf 86' lang='lat' dir='ltr'>Mandit</span> <span class='ocrx_word' id='word_1_92' title='bbox 290 1394 418 1458; x_wconf 89' lang='lat' dir='ltr'>humum,</span> <span class='ocrx_word' id='word_1_93' title='bbox 433 1394 604 1459; x_wconf 88' lang='lat' dir='ltr'>moriensque</span> <span class='ocrx_word' id='word_1_94' title='bbox 619 1395 667 1445; x_wconf 91' lang='lat' dir='ltr'>suo</span> <span class='ocrx_word' id='word_1_95' title='bbox 677 1394 703 1445; x_wconf 89' lang='lat' dir='ltr'>se</span> <span class='ocrx_word' id='word_1_96' title='bbox 713 1393 741 1444; x_wconf 92' lang='lat' dir='ltr'>in</span> <span class='ocrx_word' id='word_1_97' title='bbox 751 1391 865 1444; x_wconf 89' lang='lat' dir='ltr'>vulnere</span> <span class='ocrx_word' id='word_1_98' title='bbox 876 1394 977 1450; x_wconf 86' lang='lat' dir='ltr'>versat.</span> 
     </span>
     <span class='ocr_line' id='line_1_16' title="bbox 158 1463 980 1533; baseline 0.002 -18"><span class='ocrx_word' id='word_1_99' title='bbox 158 1464 241 1515; x_wconf 84' lang='lat' dir='ltr'>Tum</span> <span class='ocrx_word' id='word_1_100' title='bbox 251 1464 337 1517; x_wconf 85' lang='lat' dir='ltr'>Lirim</span> <span class='ocrx_word' id='word_1_101' title='bbox 347 1464 643 1533; x_wconf 80' lang='lat' dir='ltr'>Pagasumquesuper:</span> <span class='ocrx_word' id='word_1_102' title='bbox 658 1480 775 1529; x_wconf 92' lang='lat' dir='ltr'>quorum</span> <span class='ocrx_word' id='word_1_103' title='bbox 783 1463 853 1515; x_wconf 88' lang='lat' dir='ltr'>alter</span> <span class='ocrx_word' id='word_1_104' title='bbox 860 1464 980 1517; x_wconf 85' lang='lat' dir='ltr'>habenas</span> 
     </span>
     <span class='ocr_line' id='line_1_17' title="bbox 161 1533 979 1601; baseline 0.004 -17"><span class='ocrx_word' id='word_1_105' title='bbox 161 1533 281 1585; x_wconf 71' lang='lat' dir='ltr'>sustollo</span> <span class='ocrx_word' id='word_1_106' title='bbox 294 1534 439 1601; x_wconf 81' lang='lat' dir='ltr'>revolutus</span> <span class='ocrx_word' id='word_1_107' title='bbox 452 1550 523 1600; x_wconf 88' lang='lat' dir='ltr'>equo</span> <span class='ocrx_word' id='word_1_108' title='bbox 536 1535 605 1586; x_wconf 91' lang='lat' dir='ltr'>dum</span> <span class='ocrx_word' id='word_1_109' title='bbox 618 1533 737 1601; x_wconf 81' lang='lat' dir='ltr'>colligit,</span> <span class='ocrx_word' id='word_1_110' title='bbox 758 1533 829 1585; x_wconf 87' lang='lat' dir='ltr'>alter</span> <span class='ocrx_word' id='word_1_111' title='bbox 929 1539 979 1601; x_wconf 84' lang='lat'>⁶71</span> 
     </span>
     <span class='ocr_line' id='line_1_18' title="bbox 160 1604 908 1669; baseline -0.003 -12"><span class='ocrx_word' id='word_1_112' title='bbox 160 1604 241 1664; x_wconf 82' lang='lat' dir='ltr'>Dum</span> <span class='ocrx_word' id='word_1_113' title='bbox 256 1604 340 1669; x_wconf 86' lang='lat' dir='ltr'>subit,</span> <span class='ocrx_word' id='word_1_114' title='bbox 360 1620 392 1656; x_wconf 90' lang='lat' dir='ltr'>ac</span> <span class='ocrx_word' id='word_1_115' title='bbox 402 1606 532 1657; x_wconf 82' lang='lat' dir='ltr'>dextram</span> <span class='ocrx_word' id='word_1_116' title='bbox 546 1605 650 1658; x_wconf 89' lang='lat' dir='ltr'>labenti</span> <span class='ocrx_word' id='word_1_117' title='bbox 664 1604 752 1656; x_wconf 89' lang='lat' dir='ltr'>tendit</span> <span class='ocrx_word' id='word_1_118' title='bbox 766 1604 908 1669; x_wconf 86' lang='lat' dir='ltr'>inermem,</span> 
     </span>
     <span class='ocr_line' id='line_1_19' title="bbox 160 1674 926 1745; baseline 0.001 -19"><span class='ocrx_word' id='word_1_119' title='bbox 160 1674 324 1743; x_wconf 77' lang='lat' dir='ltr'>Praecipites</span> <span class='ocrx_word' id='word_1_120' title='bbox 338 1676 493 1745; x_wconf 86' lang='lat' dir='ltr'>pariterque</span> <span class='ocrx_word' id='word_1_121' title='bbox 506 1687 602 1727; x_wconf 89' lang='lat' dir='ltr'>ruunt.</span> <span class='ocrx_word' id='word_1_122' title='bbox 618 1675 661 1727; x_wconf 89' lang='lat' dir='ltr'>his</span> <span class='ocrx_word' id='word_1_123' title='bbox 674 1674 752 1726; x_wconf 88' lang='lat' dir='ltr'>addit</span> <span class='ocrx_word' id='word_1_124' title='bbox 761 1675 926 1727; x_wconf 82' lang='lat' dir='ltr'>-Amastnon</span> 
     </span>
     <span class='ocr_line' id='line_1_20' title="bbox 160 1744 933 1815; baseline -0.004 -14"><span class='ocrx_word' id='word_1_125' title='bbox 160 1747 188 1801; x_wconf 87' lang='lat' dir='ltr'>H</span> <span class='ocrx_word' id='word_1_126' title='bbox 193 1745 358 1815; x_wconf 78' lang='lat' dir='ltr'>ippotadeo3</span> <span class='ocrx_word' id='word_1_127' title='bbox 378 1746 555 1815; x_wconf 84' lang='lat' dir='ltr'>sequiturque</span> <span class='ocrx_word' id='word_1_128' title='bbox 565 1746 728 1798; x_wconf 88' lang='lat' dir='ltr'>incumbens</span> <span class='ocrx_word' id='word_1_129' title='bbox 740 1744 847 1800; x_wconf 84' lang='lat' dir='ltr'>eminus</span> <span class='ocrx_word' id='word_1_130' title='bbox 859 1744 933 1798; x_wconf 67' lang='lat' dir='ltr'>hasla</span> 
     </span>
    </p>

    <p class='ocr_par' dir='ltr' id='par_1_7' title="bbox 129 1817 982 2098">
     <span class='ocr_line' id='line_1_21' title="bbox 129 1817 982 1888; baseline 0 -18"><span class='ocrx_word' id='word_1_131' title='bbox 129 1850 132 1855; x_wconf 92' lang='lat'><strong>·</strong></span> <span class='ocrx_word' id='word_1_132' title='bbox 155 1817 556 1888; x_wconf 75' lang='lat' dir='ltr'>TereaqueHarpalieurnque,</span> <span class='ocrx_word' id='word_1_133' title='bbox 567 1817 593 1868; x_wconf 76' lang='lat' dir='ltr'>dc</span> <span class='ocrx_word' id='word_1_134' title='bbox 602 1817 982 1886; x_wconf 88' lang='lat' dir='ltr'>DemophoontaChromim·</span> 
     </span>
     <span class='ocr_line' id='line_1_22' title="bbox 160 1888 976 1958; baseline 0.007 -20"><span class='ocrx_word' id='word_1_135' title='bbox 160 1889 297 1958; x_wconf 80' lang='lat' dir='ltr'>Qotque</span> <span class='ocrx_word' id='word_1_136' title='bbox 311 1889 403 1940; x_wconf 78' lang='lat' dir='ltr'>emissa</span> <span class='ocrx_word' id='word_1_137' title='bbox 413 1905 494 1939; x_wconf 88' lang='lat' dir='ltr'>manu</span> <span class='ocrx_word' id='word_1_138' title='bbox 508 1889 638 1940; x_wconf 80' lang='lat' dir='ltr'>contorsit</span> <span class='ocrx_word' id='word_1_139' title='bbox 652 1888 759 1957; x_wconf 85' lang='lat' dir='ltr'>spicula</span> <span class='ocrx_word' id='word_1_140' title='bbox 771 1889 862 1956; x_wconf 88' lang='lat' dir='ltr'>virgo,</span> <span class='ocrx_word' id='word_1_141' title='bbox 889 1890 976 1956; x_wconf 78' lang='lat' dir='ltr'>[ques</span> 
     </span>
     <span class='ocr_line' id='line_1_23' title="bbox 156 1958 909 2028; baseline 0 -19"><span class='ocrx_word' id='word_1_142' title='bbox 156 1959 220 2019; x_wconf 74' lang='lat' dir='ltr'>Tot</span> <span class='ocrx_word' id='word_1_143' title='bbox 235 1959 345 2028; x_wconf 71' lang='lat' dir='ltr'>Phrygii</span> <span class='ocrx_word' id='word_1_144' title='bbox 360 1958 484 2011; x_wconf 73' lang='lat' dir='ltr'>ceciddre</span> <span class='ocrx_word' id='word_1_145' title='bbox 498 1958 561 2010; x_wconf 86' lang='lat' dir='ltr'>viri.</span> <span class='ocrx_word' id='word_1_146' title='bbox 578 1960 676 2028; x_wconf 88' lang='lat' dir='ltr'>procul</span> <span class='ocrx_word' id='word_1_147' title='bbox 691 1959 814 2028; x_wconf 84' lang='lat' dir='ltr'>Ornytus</span> <span class='ocrx_word' id='word_1_148' title='bbox 826 1959 909 2012; x_wconf 84' lang='lat' dir='ltr'>armis</span> 
     </span>
     <span class='ocr_line' id='line_1_24' title="bbox 157 2028 773 2098; baseline 0.008 -20"><span class='ocrx_word' id='word_1_149' title='bbox 157 2028 277 2097; x_wconf 72' lang='lat' dir='ltr'>vignotis,</span> <span class='ocrx_word' id='word_1_150' title='bbox 300 2031 325 2080; x_wconf 72' lang='grc' dir='ltr'>δι</span> <span class='ocrx_word' id='word_1_151' title='bbox 338 2045 409 2095; x_wconf 90' lang='lat' dir='ltr'>equo</span> <span class='ocrx_word' id='word_1_152' title='bbox 422 2040 537 2080; x_wconf 78' lang='lat' dir='ltr'>venator</span> <span class='ocrx_word' id='word_1_153' title='bbox 550 2030 654 2098; x_wconf 86' lang='lat' dir='ltr'>Iapyge</span> <span class='ocrx_word' id='word_1_154' title='bbox 668 2028 773 2084; x_wconf 82' lang='lat' dir='ltr'>sertur:</span> 
     </span>
    </p>

    <p class='ocr_par' dir='ltr' id='par_1_8' title="bbox 138 2098 989 2452">
     <span class='ocr_line' id='line_1_25' title="bbox 138 2098 783 2168; baseline 0.003 -18"><span class='ocrx_word' id='word_1_155' title='bbox 138 2134 140 2139; x_wconf 91' lang='lat'>-</span> <span class='ocrx_word' id='word_1_156' title='bbox 158 2098 217 2150; x_wconf 85' lang='lat' dir='ltr'>Cui</span> <span class='ocrx_word' id='word_1_157' title='bbox 232 2099 314 2167; x_wconf 87' lang='lat' dir='ltr'>pellis</span> <span class='ocrx_word' id='word_1_158' title='bbox 328 2098 398 2152; x_wconf 90' lang='lat' dir='ltr'>latos</span> <span class='ocrx_word' id='word_1_159' title='bbox 411 2100 541 2153; x_wconf 86' lang='lat' dir='ltr'>humeros</span> <span class='ocrx_word' id='word_1_160' title='bbox 554 2115 650 2168; x_wconf 88' lang='lat' dir='ltr'>erepta</span> <span class='ocrx_word' id='word_1_161' title='bbox 660 2100 783 2164; x_wconf 87' lang='lat' dir='ltr'>juvenco</span> 
     </span>
     <span class='ocr_line' id='line_1_26' title="bbox 157 2169 989 2240; baseline 0.004 -18"><span class='ocrx_word' id='word_1_162' title='bbox 157 2169 312 2238; x_wconf 85' lang='lat' dir='ltr'>Pugnatori</span> <span class='ocrx_word' id='word_1_163' title='bbox 325 2171 413 2239; x_wconf 88' lang='lat' dir='ltr'>operit</span> <span class='ocrx_word' id='word_1_164' title='bbox 426 2191 433 2236; x_wconf 80' lang='lat'>3</span> <span class='ocrx_word' id='word_1_165' title='bbox 456 2181 541 2240; x_wconf 88' lang='lat' dir='ltr'>caput</span> <span class='ocrx_word' id='word_1_166' title='bbox 555 2170 650 2239; x_wconf 84' lang='lat' dir='ltr'>ingens</span> <span class='ocrx_word' id='word_1_167' title='bbox 662 2169 717 2222; x_wconf 83' lang='lat' dir='ltr'>oris</span> <span class='ocrx_word' id='word_1_168' title='bbox 730 2170 833 2237; x_wconf 89' lang='lat' dir='ltr'>hiatus,</span> <span class='ocrx_word' id='word_1_169' title='bbox 876 2218 878 2222; x_wconf 94' lang='lat'>.</span> <span class='ocrx_word' id='word_1_170' title='bbox 924 2174 989 2225; x_wconf 75' lang='lat'>680&#39;</span> 
     </span>
     <span class='ocr_line' id='line_1_27' title="bbox 156 2240 786 2309; baseline 0 -16"><span class='ocrx_word' id='word_1_171' title='bbox 156 2240 203 2297; x_wconf 80' lang='lat' dir='ltr'>Et,</span> <span class='ocrx_word' id='word_1_172' title='bbox 213 2240 293 2292; x_wconf 74' lang='lat' dir='ltr'>malae</span> <span class='ocrx_word' id='word_1_173' title='bbox 307 2251 399 2293; x_wconf 86' lang='lat' dir='ltr'>texere</span> <span class='ocrx_word' id='word_1_174' title='bbox 414 2240 473 2309; x_wconf 89' lang='lat' dir='ltr'>lupi</span> <span class='ocrx_word' id='word_1_175' title='bbox 487 2257 552 2293; x_wconf 87' lang='lat' dir='ltr'>cum</span> <span class='ocrx_word' id='word_1_176' title='bbox 562 2240 693 2295; x_wconf 81' lang='lat' dir='ltr'>dentibus</span> <span class='ocrx_word' id='word_1_177' title='bbox 705 2241 786 2307; x_wconf 88' lang='lat' dir='ltr'>albis,</span> 
     </span>
     <span class='ocr_line' id='line_1_28' title="bbox 156 2311 881 2434; baseline 0 -70"><span class='ocrx_word' id='word_1_178' title='bbox 156 2311 337 2380; x_wconf 84' lang='lat' dir='ltr'>Agrestisque</span> <span class='ocrx_word' id='word_1_179' title='bbox 350 2328 446 2364; x_wconf 88' lang='lat' dir='ltr'>manus</span> <span class='ocrx_word' id='word_1_180' title='bbox 459 2324 545 2364; x_wconf 84' lang='lat' dir='ltr'>armat</span> <span class='ocrx_word' id='word_1_181' title='bbox 558 2311 669 2385; x_wconf 83' lang='lat' dir='ltr'>sparus:</span> <span class='ocrx_word' id='word_1_182' title='bbox 692 2311 748 2434; x_wconf 84' lang='lat' dir='ltr'>ipse</span> <span class='ocrx_word' id='word_1_183' title='bbox 762 2312 881 2365; x_wconf 88' lang='lat' dir='ltr'>catervis</span> 
     </span>
     <span class='ocr_line' id='line_1_29' title="bbox 156 2381 848 2452; baseline 0.004 -19"><span class='ocrx_word' id='word_1_184' title='bbox 156 2382 287 2433; x_wconf 86' lang='lat' dir='ltr'>Vertitur</span> <span class='ocrx_word' id='word_1_185' title='bbox 299 2381 326 2433; x_wconf 89' lang='lat' dir='ltr'>in</span> <span class='ocrx_word' id='word_1_186' title='bbox 339 2382 448 2446; x_wconf 86' lang='lat' dir='ltr'>mediis,</span> <span class='ocrx_word' id='word_1_187' title='bbox 470 2385 495 2434; x_wconf 77' lang='lat' dir='ltr'>dc</span> <span class='ocrx_word' id='word_1_188' title='bbox 510 2393 569 2434; x_wconf 90' lang='lat' dir='ltr'>toto</span> <span class='ocrx_word' id='word_1_189' title='bbox 583 2382 686 2434; x_wconf 88' lang='lat' dir='ltr'>vertice</span> <span class='ocrx_word' id='word_1_190' title='bbox 712 2385 783 2452; x_wconf 72' lang='lat' dir='ltr'>upra</span> <span class='ocrx_word' id='word_1_191' title='bbox 801 2383 848 2436; x_wconf 87' lang='lat' dir='ltr'>est.</span> 
     </span>
    </p>

    <p class='ocr_par' dir='ltr' id='par_1_9' title="bbox 182 2450 972 2523">
     <span class='ocr_line' id='line_1_30' title="bbox 182 2450 972 2523; baseline 0.004 -19"><span class='ocrx_word' id='word_1_192' title='bbox 182 2450 972 2523; x_wconf 80' lang='lat' dir='ltr'>Hunoillaexceptum(nequeenimlaboragmineverso)</span> 
     </span>
    </p>

    <p class='ocr_par' dir='ltr' id='par_1_10' title="bbox 154 2521 973 2731">
     <span class='ocr_line' id='line_1_31' title="bbox 154 2521 973 2594; baseline 0.002 -18"><span class='ocrx_word' id='word_1_193' title='bbox 154 2523 289 2587; x_wconf 87' lang='lat' dir='ltr'>Trajicit,</span> <span class='ocrx_word' id='word_1_194' title='bbox 312 2523 337 2575; x_wconf 76' lang='grc' dir='ltr'>δι</span> <span class='ocrx_word' id='word_1_195' title='bbox 352 2521 433 2592; x_wconf 88' lang='lat' dir='ltr'>super</span> <span class='ocrx_word' id='word_1_196' title='bbox 446 2524 506 2576; x_wconf 86' lang='lat' dir='ltr'>haec</span> <span class='ocrx_word' id='word_1_197' title='bbox 520 2524 632 2577; x_wconf 88' lang='lat' dir='ltr'>inimico</span> <span class='ocrx_word' id='word_1_198' title='bbox 646 2523 756 2594; x_wconf 71' lang='lat' dir='ltr'>pestore</span> <span class='ocrx_word' id='word_1_199' title='bbox 769 2525 863 2584; x_wconf 65' lang='lat' dir='ltr'>satura</span> <span class='ocrx_word' id='word_1_200' title='bbox 921 2530 953 2578; x_wconf 84' lang='lat'>68</span> <span class='ocrx_word' id='word_1_201' title='bbox 957 2544 973 2594; x_wconf 80' lang='lat'>5</span> 
     </span>
     <span class='ocr_line' id='line_1_32' title="bbox 155 2593 822 2665; baseline 0.003 -19"><span class='ocrx_word' id='word_1_202' title='bbox 155 2593 252 2662; x_wconf 81' lang='lat' dir='ltr'>Sylvis</span> <span class='ocrx_word' id='word_1_203' title='bbox 265 2605 303 2658; x_wconf 89' lang='lat' dir='ltr'>te,</span> <span class='ocrx_word' id='word_1_204' title='bbox 323 2593 479 2661; x_wconf 63' lang='lat' dir='ltr'>Tymbrene,</span> <span class='ocrx_word' id='word_1_205' title='bbox 501 2593 571 2646; x_wconf 83' lang='lat' dir='ltr'>seras</span> <span class='ocrx_word' id='word_1_206' title='bbox 584 2595 687 2663; x_wconf 86' lang='lat' dir='ltr'>agitare</span> <span class='ocrx_word' id='word_1_207' title='bbox 701 2594 822 2665; x_wconf 69' lang='lat' dir='ltr'>putasti?</span> 
     </span>
     <span class='ocr_line' id='line_1_33' title="bbox 155 2663 810 2731; baseline 0.002 -13"><span class='ocrx_word' id='word_1_208' title='bbox 155 2664 285 2718; x_wconf 83' lang='lat' dir='ltr'>Advenit</span> <span class='ocrx_word' id='word_1_209' title='bbox 298 2663 347 2731; x_wconf 90' lang='lat' dir='ltr'>qui</span> <span class='ocrx_word' id='word_1_210' title='bbox 360 2665 447 2716; x_wconf 80' lang='lat' dir='ltr'>vestra</span> <span class='ocrx_word' id='word_1_211' title='bbox 459 2664 518 2716; x_wconf 87' lang='lat' dir='ltr'>dies</span> <span class='ocrx_word' id='word_1_212' title='bbox 530 2665 715 2718; x_wconf 88' lang='lat' dir='ltr'>muliebribus</span> <span class='ocrx_word' id='word_1_213' title='bbox 727 2665 810 2721; x_wconf 88' lang='lat' dir='ltr'>armis</span> 
     </span>
    </p>

    <p class='ocr_par' dir='ltr' id='par_1_11' title="bbox 153 2735 979 2943">
     <span class='ocr_line' id='line_1_34' title="bbox 153 2735 979 2809; baseline 0.008 -23"><span class='ocrx_word' id='word_1_214' title='bbox 153 2736 249 2786; x_wconf 85' lang='lat' dir='ltr'>Verba</span> <span class='ocrx_word' id='word_1_215' title='bbox 263 2735 445 2804; x_wconf 87' lang='lat' dir='ltr'>redarguerit.</span> <span class='ocrx_word' id='word_1_216' title='bbox 461 2752 560 2788; x_wconf 89' lang='lat' dir='ltr'>nomen</span> <span class='ocrx_word' id='word_1_217' title='bbox 573 2746 665 2789; x_wconf 88' lang='lat' dir='ltr'>tamen</span> <span class='ocrx_word' id='word_1_218' title='bbox 677 2737 753 2790; x_wconf 89' lang='lat' dir='ltr'>haud</span> <span class='ocrx_word' id='word_1_219' title='bbox 763 2737 826 2790; x_wconf 86' lang='lat' dir='ltr'>leve</span> <span class='ocrx_word' id='word_1_220' title='bbox 836 2747 948 2809; x_wconf 84' lang='lat' dir='ltr'>patrum</span> <span class='ocrx_word' id='word_1_221' title='bbox 974 2756 979 2772; x_wconf 68' lang='lat'>¹</span> 
     </span>
     <span class='ocr_line' id='line_1_35' title="bbox 153 2805 905 2871; baseline 0.011 -17"><span class='ocrx_word' id='word_1_222' title='bbox 153 2805 291 2871; x_wconf 84' lang='lat' dir='ltr'>Manibus</span> <span class='ocrx_word' id='word_1_223' title='bbox 304 2805 357 2856; x_wconf 93' lang='lat' dir='ltr'>hoc</span> <span class='ocrx_word' id='word_1_224' title='bbox 370 2806 481 2870; x_wconf 82' lang='lat' dir='ltr'>reseres,</span> <span class='ocrx_word' id='word_1_225' title='bbox 503 2806 559 2859; x_wconf 87' lang='lat' dir='ltr'>telo</span> <span class='ocrx_word' id='word_1_226' title='bbox 568 2806 697 2859; x_wconf 67' lang='lat' dir='ltr'>cecidisse</span> <span class='ocrx_word' id='word_1_227' title='bbox 708 2807 847 2862; x_wconf 83' lang='lat' dir='ltr'>Camillae.</span> <span class='ocrx_word' id='word_1_228' title='bbox 902 2857 905 2862; x_wconf 90' lang='lat'>.</span> 
     </span>
     <span class='ocr_line' id='line_1_36' title="bbox 153 2875 972 2943; baseline 0.015 -19"><span class='ocrx_word' id='word_1_229' title='bbox 153 2875 285 2936; x_wconf 80' lang='lat' dir='ltr'>Protinus</span> <span class='ocrx_word' id='word_1_230' title='bbox 294 2875 469 2928; x_wconf 77' lang='lat' dir='ltr'>Orsilochum</span> <span class='ocrx_word' id='word_1_231' title='bbox 481 2877 506 2929; x_wconf 76' lang='lat' dir='ltr'>dc</span> <span class='ocrx_word' id='word_1_232' title='bbox 518 2879 619 2942; x_wconf 87' lang='lat' dir='ltr'>Buten,</span> <span class='ocrx_word' id='word_1_233' title='bbox 632 2879 689 2930; x_wconf 93' lang='lat' dir='ltr'>duo</span> <span class='ocrx_word' id='word_1_234' title='bbox 697 2878 818 2935; x_wconf 84' lang='lat' dir='ltr'>maxima</span> <span class='ocrx_word' id='word_1_235' title='bbox 826 2881 972 2943; x_wconf 81' lang='lat' dir='ltr'>Teucrtlm</span> 
     </span>
    </p>
   </div>
   <div class='ocr_carea' id='block_1_3' title="bbox 153 2945 970 3088">
    <p class='ocr_par' dir='ltr' id='par_1_12' title="bbox 153 2945 970 3088">
     <span class='ocr_line' id='line_1_37' title="bbox 153 2945 970 3021; baseline 0.011 -23"><span class='ocrx_word' id='word_1_236' title='bbox 153 2947 298 3014; x_wconf 85' lang='lat' dir='ltr'>Corpora:</span> <span class='ocrx_word' id='word_1_237' title='bbox 321 2945 367 2998; x_wconf 87' lang='lat' dir='ltr'>sed</span> <span class='ocrx_word' id='word_1_238' title='bbox 381 2948 472 2999; x_wconf 86' lang='lat' dir='ltr'>Buten</span> <span class='ocrx_word' id='word_1_239' title='bbox 485 2947 612 3003; x_wconf 80' lang='lat' dir='ltr'>aversum</span> <span class='ocrx_word' id='word_1_240' title='bbox 625 2950 677 3002; x_wconf 93' lang='lat' dir='ltr'>cus</span> <span class='ocrx_word' id='word_1_241' title='bbox 696 2949 815 3017; x_wconf 56' lang='lat' dir='ltr'>idefixit</span> <span class='ocrx_word' id='word_1_242' title='bbox 886 2975 890 2982; x_wconf 90' lang='lat'>·</span> <span class='ocrx_word' id='word_1_243' title='bbox 920 2956 970 3021; x_wconf 86' lang='lat'>691</span> 
     </span>
     <span class='ocr_line' id='line_1_38' title="bbox 153 2968 852 3088; baseline 0.011 -18"><span class='ocrx_word' id='word_1_244' title='bbox 153 3017 282 3071; x_wconf 80' lang='lat' dir='ltr'>Loricam</span> <span class='ocrx_word' id='word_1_245' title='bbox 292 3016 455 3085; x_wconf 79' lang='lat' dir='ltr'>galeamque</span> <span class='ocrx_word' id='word_1_246' title='bbox 467 3016 548 3084; x_wconf 86' lang='lat' dir='ltr'>inter,</span> <span class='ocrx_word' id='word_1_247' title='bbox 569 3017 627 3088; x_wconf 64' lang='lat' dir='ltr'>quit</span> <span class='ocrx_word' id='word_1_248' title='bbox 640 2968 717 3075; x_wconf 75' lang='lat' dir='ltr'>coila</span> <span class='ocrx_word' id='word_1_249' title='bbox 727 3020 852 3078; x_wconf 63' lang='lat' dir='ltr'>sedensxs</span> 
     </span>
    </p>
   </div>
   <div class='ocr_carea' id='block_1_4' title="bbox 145 3087 1015 3179">
    <p class='ocr_par' dir='ltr' id='par_1_13' title="bbox 145 3087 1015 3179">
     <span class='ocr_line' id='line_1_39' title="bbox 145 3087 1015 3179; baseline 0.028 -43"><span class='ocrx_word' id='word_1_250' title='bbox 145 3089 266 3162; x_wconf 55' lang='lat' dir='ltr'>uacent,</span> <span class='ocrx_word' id='word_1_251' title='bbox 288 3087 829 3179; x_wconf 63' lang='lat' dir='ltr'>maundepenqeepmnalasstus</span> <span class='ocrx_word' id='word_1_252' title='bbox 922 3132 924 3136; x_wconf 93' lang='lat'><em>-</em></span> <span class='ocrx_word' id='word_1_253' title='bbox 1011 3120 1015 3130; x_wconf 94' lang='lat'>·</span> 
     </span>
    </p>
   </div>
   <div class='ocr_carea' id='block_1_5' title="bbox 504 3148 1015 3251">
    <p class='ocr_par' dir='ltr' id='par_1_14' title="bbox 504 3148 1015 3251">
     <span class='ocr_line' id='line_1_40' title="bbox 504 3148 1015 3251; baseline 0.002 -44"><span class='ocrx_word' id='word_1_254' title='bbox 504 3164 594 3251; x_wconf 54' lang='lat' dir='ltr'>pm</span> <span class='ocrx_word' id='word_1_255' title='bbox 949 3148 1015 3211; x_wconf 61' lang='lat' dir='ltr'>Qu</span> 
     </span>
    </p>
   </div>
   <div class='ocr_carea' id='block_1_6' title="bbox 0 0 1154 3600">
    <p class='ocr_par' dir='ltr' id='par_1_15' title="bbox 0 0 1154 3600">
     <span class='ocr_line' id='line_1_41' title="bbox 0 0 1154 3600; baseline 0 2"><span class='ocrx_word' id='word_1_256' title='bbox 0 0 1154 3600; x_wconf 95' lang='lat' dir='ltr'> </span> 
     </span>
    </p>
   </div>
  </div>
 </body>
</html>
