<?xml version="1.0" encoding="UTF-8"?>
<!DOCTYPE html PUBLIC "-//W3C//DTD XHTML 1.0 Transitional//EN"
    "http://www.w3.org/TR/xhtml1/DTD/xhtml1-transitional.dtd">
<html xmlns="http://www.w3.org/1999/xhtml" xml:lang="en" lang="en">
 <head>
  <title>
</title>
<meta http-equiv="Content-Type" content="text/html;charset=utf-8" />
  <meta name='ocr-system' content='tesseract 3.04.00' />
  <meta name='ocr-capabilities' content='ocr_page ocr_carea ocr_par ocr_line ocrx_word'/>
</head>
<body>
  <div class='ocr_page' id='page_1' title='image "./pvirgiliimaroni02marogoog/pvirgiliimaroni02marogoog_0273.png"; bbox 0 0 2300 3600; ppageno 0'>
   <div class='ocr_carea' id='block_1_1' title="bbox 416 339 1024 412">
    <p class='ocr_par' dir='ltr' id='par_1_1' title="bbox 416 339 1024 412">
     <span class='ocr_line' id='line_1_1' title="bbox 416 339 1024 412; baseline 0.008 -16"><span class='ocrx_word' id='word_1_1' title='bbox 416 340 606 396; x_wconf 81' lang='lat' dir='ltr'>AENEIDOS</span> <span class='ocrx_word' id='word_1_2' title='bbox 626 339 703 394; x_wconf 91' lang='lat' dir='ltr'><strong>LIB.</strong></span> <span class='ocrx_word' id='word_1_3' title='bbox 718 341 805 394; x_wconf 85' lang='lat' dir='ltr'><strong>vm.</strong></span> <span class='ocrx_word' id='word_1_4' title='bbox 975 364 1024 412; x_wconf 78' lang='lat'><strong>24¹</strong></span> 
     </span>
    </p>
   </div>
   <div class='ocr_carea' id='block_1_2' title="bbox 117 431 1045 3188">
    <p class='ocr_par' dir='ltr' id='par_1_2' title="bbox 186 431 1022 1000">
     <span class='ocr_line' id='line_1_2' title="bbox 187 431 919 505; baseline -0.007 -13"><span class='ocrx_word' id='word_1_5' title='bbox 187 435 263 492; x_wconf 91' lang='lat' dir='ltr'><strong>Non</strong></span> <span class='ocrx_word' id='word_1_6' title='bbox 275 434 346 490; x_wconf 87' lang='lat' dir='ltr'><strong>tulit</strong></span> <span class='ocrx_word' id='word_1_7' title='bbox 358 433 474 488; x_wconf 84' lang='lat' dir='ltr'><strong>Alcides</strong></span> <span class='ocrx_word' id='word_1_8' title='bbox 481 434 589 500; x_wconf 89' lang='lat' dir='ltr'><strong>animis,</strong></span> <span class='ocrx_word' id='word_1_9' title='bbox 604 433 685 503; x_wconf 88' lang='lat' dir='ltr'><strong>seque</strong></span> <span class='ocrx_word' id='word_1_10' title='bbox 698 432 756 505; x_wconf 88' lang='lat' dir='ltr'><strong>ipse</strong></span> <span class='ocrx_word' id='word_1_11' title='bbox 769 449 819 503; x_wconf 91' lang='lat' dir='ltr'><strong>per</strong></span> <span class='ocrx_word' id='word_1_12' title='bbox 827 431 919 504; x_wconf 85' lang='lat' dir='ltr'>ignem</span> 
     </span>
     <span class='ocr_line' id='line_1_3' title="bbox 188 505 888 578; baseline -0.004 -16"><span class='ocrx_word' id='word_1_13' title='bbox 188 506 347 578; x_wconf 81' lang='lat' dir='ltr'><strong>Praecipiti</strong></span> <span class='ocrx_word' id='word_1_14' title='bbox 359 505 454 573; x_wconf 90' lang='lat' dir='ltr'><strong>injecit</strong></span> <span class='ocrx_word' id='word_1_15' title='bbox 467 505 549 570; x_wconf 85' lang='lat' dir='ltr'><strong>saltu,</strong></span> <span class='ocrx_word' id='word_1_16' title='bbox 565 506 621 572; x_wconf 72' lang='lat' dir='ltr'><strong>qui</strong></span> <span class='ocrx_word' id='word_1_17' title='bbox 634 505 771 575; x_wconf 90' lang='lat' dir='ltr'><strong>plurimus</strong></span> <span class='ocrx_word' id='word_1_18' title='bbox 784 505 888 559; x_wconf 88' lang='lat' dir='ltr'><strong>undam</strong></span> 
     </span>
     <span class='ocr_line' id='line_1_4' title="bbox 188 574 975 648; baseline 0.003 -17"><span class='ocrx_word' id='word_1_19' title='bbox 188 580 311 633; x_wconf 82' lang='lat' dir='ltr'><strong>Fumus</strong></span> <span class='ocrx_word' id='word_1_20' title='bbox 324 578 392 648; x_wconf 85' lang='lat' dir='ltr'><strong>agit,</strong></span> <span class='ocrx_word' id='word_1_21' title='bbox 409 574 566 643; x_wconf 67' lang='lat' dir='ltr'><strong>nebuldque</strong></span> <span class='ocrx_word' id='word_1_22' title='bbox 580 576 675 645; x_wconf 85' lang='lat' dir='ltr'><strong>ingens</strong></span> <span class='ocrx_word' id='word_1_23' title='bbox 687 575 784 646; x_wconf 87' lang='lat' dir='ltr'><strong>specus</strong></span> <span class='ocrx_word' id='word_1_24' title='bbox 797 575 892 629; x_wconf 85' lang='lat' dir='ltr'><strong>aestuat</strong></span> <span class='ocrx_word' id='word_1_25' title='bbox 905 576 975 633; x_wconf 67' lang='lat' dir='ltr'><strong>atria.</strong></span> 
     </span>
     <span class='ocr_line' id='line_1_5' title="bbox 187 646 934 705; baseline -0.003 0"><span class='ocrx_word' id='word_1_26' title='bbox 187 651 252 705; x_wconf 82' lang='lat' dir='ltr'><strong>Hic</strong></span> <span class='ocrx_word' id='word_1_27' title='bbox 265 650 378 702; x_wconf 89' lang='lat' dir='ltr'><strong>Cacum</strong></span> <span class='ocrx_word' id='word_1_28' title='bbox 388 648 416 700; x_wconf 92' lang='lat' dir='ltr'><strong>in</strong></span> <span class='ocrx_word' id='word_1_29' title='bbox 426 647 545 699; x_wconf 87' lang='lat' dir='ltr'><strong>tenebris</strong></span> <span class='ocrx_word' id='word_1_30' title='bbox 554 646 680 699; x_wconf 86' lang='lat' dir='ltr'><strong>incendia</strong></span> <span class='ocrx_word' id='word_1_31' title='bbox 692 664 763 699; x_wconf 88' lang='lat' dir='ltr'><strong>vana</strong></span> <span class='ocrx_word' id='word_1_32' title='bbox 775 658 934 703; x_wconf 87' lang='lat' dir='ltr'><strong>vomentem</strong></span> 
     </span>
     <span class='ocr_line' id='line_1_6' title="bbox 188 713 1022 790; baseline 0.002 -16"><span class='ocrx_word' id='word_1_33' title='bbox 188 719 329 790; x_wconf 86' lang='lat' dir='ltr'><strong>Corripit</strong></span> <span class='ocrx_word' id='word_1_34' title='bbox 338 718 366 770; x_wconf 92' lang='lat' dir='ltr'><strong>in</strong></span> <span class='ocrx_word' id='word_1_35' title='bbox 376 718 480 771; x_wconf 91' lang='lat' dir='ltr'><strong>nodum</strong></span> <span class='ocrx_word' id='word_1_36' title='bbox 489 717 663 787; x_wconf 84' lang='lat' dir='ltr'><strong>complexus,</strong></span> <span class='ocrx_word' id='word_1_37' title='bbox 676 717 788 787; x_wconf 85' lang='lat' dir='ltr'><strong>&amp;angit</strong></span> <span class='ocrx_word' id='word_1_38' title='bbox 797 718 933 772; x_wconf 84' lang='lat' dir='ltr'><strong>inhaerens</strong></span> <span class='ocrx_word' id='word_1_39' title='bbox 962 713 1022 776; x_wconf 68' lang='grc' dir='ltr'><strong>ι060</strong></span> 
     </span>
     <span class='ocr_line' id='line_1_7' title="bbox 186 788 919 859; baseline -0.005 -14"><span class='ocrx_word' id='word_1_40' title='bbox 186 790 294 845; x_wconf 88' lang='lat' dir='ltr'><strong>Elisos</strong></span> <span class='ocrx_word' id='word_1_41' title='bbox 306 788 405 843; x_wconf 85' lang='lat' dir='ltr'><strong>oculos</strong></span> <span class='ocrx_word' id='word_1_42' title='bbox 418 790 445 841; x_wconf 76' lang='lat' dir='ltr'><strong>sc</strong></span> <span class='ocrx_word' id='word_1_43' title='bbox 458 789 560 841; x_wconf 82' lang='lat' dir='ltr'><strong>siccum</strong></span> <span class='ocrx_word' id='word_1_44' title='bbox 572 788 703 859; x_wconf 87' lang='lat' dir='ltr'><strong>sanguine</strong></span> <span class='ocrx_word' id='word_1_45' title='bbox 715 800 824 857; x_wconf 89' lang='lat' dir='ltr'><strong>guttur.</strong></span> <span class='ocrx_word' id='word_1_46' title='bbox 917 801 919 805; x_wconf 91' lang='grc'><strong><em>·</em></strong></span> 
     </span>
     <span class='ocr_line' id='line_1_8' title="bbox 189 858 923 929; baseline 0.001 -13"><span class='ocrx_word' id='word_1_47' title='bbox 189 861 340 916; x_wconf 83' lang='lat' dir='ltr'>Panditur</span> <span class='ocrx_word' id='word_1_48' title='bbox 348 860 490 929; x_wconf 77' lang='lat' dir='ltr'><strong>extemplo</strong></span> <span class='ocrx_word' id='word_1_49' title='bbox 502 858 609 911; x_wconf 86' lang='lat' dir='ltr'><strong>foribus</strong></span> <span class='ocrx_word' id='word_1_50' title='bbox 619 860 719 911; x_wconf 91' lang='lat' dir='ltr'><strong>domus</strong></span> <span class='ocrx_word' id='word_1_51' title='bbox 727 870 786 912; x_wconf 83' lang='lat' dir='ltr'><strong>atra</strong></span> <span class='ocrx_word' id='word_1_52' title='bbox 792 861 923 918; x_wconf 82' lang='lat' dir='ltr'><strong>revulsis:</strong></span> 
     </span>
     <span class='ocr_line' id='line_1_9' title="bbox 187 930 826 1000; baseline -0.008 -12"><span class='ocrx_word' id='word_1_53' title='bbox 187 930 414 999; x_wconf 74' lang='lat' dir='ltr'><strong>Abstraetaeque</strong></span> <span class='ocrx_word' id='word_1_54' title='bbox 422 930 509 982; x_wconf 82' lang='lat' dir='ltr'><strong>boves</strong></span> <span class='ocrx_word' id='word_1_55' title='bbox 521 931 711 997; x_wconf 74' lang='lat' dir='ltr'><strong>abiurataeque</strong></span> <span class='ocrx_word' id='word_1_56' title='bbox 724 930 826 1000; x_wconf 87' lang='lat' dir='ltr'><strong>rapinae</strong></span> 
     </span>
    </p>

    <p class='ocr_par' dir='ltr' id='par_1_3' title="bbox 187 1000 1025 1211">
     <span class='ocr_line' id='line_1_10' title="bbox 188 1000 933 1072; baseline 0.001 -15"><span class='ocrx_word' id='word_1_57' title='bbox 188 1002 284 1057; x_wconf 88' lang='lat' dir='ltr'><strong>Coelo</strong></span> <span class='ocrx_word' id='word_1_58' title='bbox 294 1001 484 1066; x_wconf 88' lang='lat' dir='ltr'><strong>ostenduntur,</strong></span> <span class='ocrx_word' id='word_1_59' title='bbox 501 1000 674 1072; x_wconf 88' lang='lat' dir='ltr'>pedibusque</span> <span class='ocrx_word' id='word_1_60' title='bbox 687 1000 804 1053; x_wconf 87' lang='lat' dir='ltr'><strong>informe</strong></span> <span class='ocrx_word' id='word_1_61' title='bbox 814 1003 933 1058; x_wconf 79' lang='lat' dir='ltr'><strong>cadaver</strong></span> 
     </span>
     <span class='ocr_line' id='line_1_11' title="bbox 189 1072 1025 1147; baseline -0.001 -19"><span class='ocrx_word' id='word_1_62' title='bbox 189 1073 387 1129; x_wconf 77' lang='lat' dir='ltr'><strong>Protrahitur.</strong></span> <span class='ocrx_word' id='word_1_63' title='bbox 409 1083 547 1139; x_wconf 87' lang='lat' dir='ltr'><strong>nequeunt</strong></span> <span class='ocrx_word' id='word_1_64' title='bbox 560 1072 667 1142; x_wconf 88' lang='lat' dir='ltr'><strong>expleri</strong></span> <span class='ocrx_word' id='word_1_65' title='bbox 681 1072 765 1123; x_wconf 90' lang='lat' dir='ltr'><strong>corda</strong></span> <span class='ocrx_word' id='word_1_66' title='bbox 775 1074 879 1128; x_wconf 88' lang='lat' dir='ltr'><strong>tuendo</strong></span> <span class='ocrx_word' id='word_1_67' title='bbox 967 1078 1001 1130; x_wconf 86' lang='lat'><strong>26</strong></span> <span class='ocrx_word' id='word_1_68' title='bbox 1002 1088 1025 1147; x_wconf 78' lang='grc' dir='ltr'><strong>ς·</strong></span> 
     </span>
     <span class='ocr_line' id='line_1_12' title="bbox 187 1142 864 1211; baseline -0.003 -12"><span class='ocrx_word' id='word_1_69' title='bbox 187 1142 357 1199; x_wconf 86' lang='lat' dir='ltr'><strong>Terribiles</strong></span> <span class='ocrx_word' id='word_1_70' title='bbox 366 1144 473 1209; x_wconf 84' lang='lat' dir='ltr'><strong>oculos,</strong></span> <span class='ocrx_word' id='word_1_71' title='bbox 489 1142 613 1208; x_wconf 85' lang='lat' dir='ltr'><strong>vultum,</strong></span> <span class='ocrx_word' id='word_1_72' title='bbox 634 1142 787 1211; x_wconf 88' lang='lat' dir='ltr'><strong>villosaque</strong></span> <span class='ocrx_word' id='word_1_73' title='bbox 801 1142 864 1197; x_wconf 88' lang='lat' dir='ltr'><strong>setis</strong></span> 
     </span>
    </p>

    <p class='ocr_par' dir='ltr' id='par_1_4' title="bbox 189 1213 945 1286">
     <span class='ocr_line' id='line_1_13' title="bbox 189 1213 945 1286; baseline -0.001 -16"><span class='ocrx_word' id='word_1_74' title='bbox 189 1215 319 1270; x_wconf 70' lang='lat' dir='ltr'><strong>Pestora</strong></span> <span class='ocrx_word' id='word_1_75' title='bbox 328 1213 456 1280; x_wconf 82' lang='lat' dir='ltr'><strong>semiferi,</strong></span> <span class='ocrx_word' id='word_1_76' title='bbox 473 1226 556 1282; x_wconf 90' lang='lat' dir='ltr'><strong>atque</strong></span> <span class='ocrx_word' id='word_1_77' title='bbox 568 1213 706 1266; x_wconf 65' lang='lat' dir='ltr'><strong>extinctos</strong></span> <span class='ocrx_word' id='word_1_78' title='bbox 719 1214 849 1266; x_wconf 87' lang='lat' dir='ltr'><strong>saucibus</strong></span> <span class='ocrx_word' id='word_1_79' title='bbox 858 1214 945 1286; x_wconf 81' lang='lat' dir='ltr'><strong>ignes.</strong></span> 
     </span>
    </p>

    <p class='ocr_par' dir='ltr' id='par_1_5' title="bbox 189 1284 880 1427">
     <span class='ocr_line' id='line_1_14' title="bbox 189 1284 844 1352; baseline -0.008 -11"><span class='ocrx_word' id='word_1_80' title='bbox 189 1286 241 1341; x_wconf 88' lang='lat' dir='ltr'><strong>Ex</strong></span> <span class='ocrx_word' id='word_1_81' title='bbox 253 1285 309 1339; x_wconf 92' lang='lat' dir='ltr'><strong>illo</strong></span> <span class='ocrx_word' id='word_1_82' title='bbox 320 1285 474 1337; x_wconf 87' lang='lat' dir='ltr'><strong>celebratus</strong></span> <span class='ocrx_word' id='word_1_83' title='bbox 484 1285 582 1349; x_wconf 87' lang='lat' dir='ltr'><strong>honos,</strong></span> <span class='ocrx_word' id='word_1_84' title='bbox 600 1284 713 1352; x_wconf 82' lang='lat' dir='ltr'><strong>laetique</strong></span> <span class='ocrx_word' id='word_1_85' title='bbox 727 1286 844 1337; x_wconf 89' lang='lat' dir='ltr'><strong>minores</strong></span> 
     </span>
     <span class='ocr_line' id='line_1_15' title="bbox 190 1354 880 1427; baseline -0.003 -17"><span class='ocrx_word' id='word_1_86' title='bbox 190 1356 353 1412; x_wconf 68' lang='lat' dir='ltr'><strong>Servavsre</strong></span> <span class='ocrx_word' id='word_1_87' title='bbox 368 1356 451 1422; x_wconf 83' lang='lat' dir='ltr'><strong>diem,</strong></span> <span class='ocrx_word' id='word_1_88' title='bbox 470 1355 629 1427; x_wconf 81' lang='lat' dir='ltr'><strong>primusque</strong></span> <span class='ocrx_word' id='word_1_89' title='bbox 642 1355 761 1408; x_wconf 88' lang='lat' dir='ltr'><strong>Potitius</strong></span> <span class='ocrx_word' id='word_1_90' title='bbox 773 1354 880 1424; x_wconf 63' lang='lat' dir='ltr'><strong>auster,</strong></span> 
     </span>
    </p>

    <p class='ocr_par' dir='ltr' id='par_1_6' title="bbox 122 1425 1018 1569">
     <span class='ocr_line' id='line_1_16' title="bbox 122 1425 1018 1496; baseline -0.002 -13"><span class='ocrx_word' id='word_1_91' title='bbox 122 1467 126 1472; x_wconf 88' lang='lat'>-</span> <span class='ocrx_word' id='word_1_92' title='bbox 189 1428 232 1483; x_wconf 86' lang='lat' dir='ltr'><strong>Et</strong></span> <span class='ocrx_word' id='word_1_93' title='bbox 247 1428 353 1480; x_wconf 83' lang='lat' dir='ltr'><strong>domus</strong></span> <span class='ocrx_word' id='word_1_94' title='bbox 365 1426 498 1479; x_wconf 83' lang='lat' dir='ltr'><strong>Herculei</strong></span> <span class='ocrx_word' id='word_1_95' title='bbox 510 1425 599 1479; x_wconf 85' lang='lat' dir='ltr'><strong>custos</strong></span> <span class='ocrx_word' id='word_1_96' title='bbox 611 1426 718 1486; x_wconf 79' lang='lat' dir='ltr'><strong>Pinaria</strong></span> <span class='ocrx_word' id='word_1_97' title='bbox 731 1425 798 1478; x_wconf 85' lang='lat' dir='ltr'><strong>sacri</strong></span> <span class='ocrx_word' id='word_1_98' title='bbox 967 1446 1018 1496; x_wconf 87' lang='lat'><strong>27⁰</strong></span> 
     </span>
     <span class='ocr_line' id='line_1_17' title="bbox 189 1496 881 1569; baseline -0.003 -16"><span class='ocrx_word' id='word_1_99' title='bbox 189 1500 279 1553; x_wconf 84' lang='lat' dir='ltr'><strong>Hanc</strong></span> <span class='ocrx_word' id='word_1_100' title='bbox 290 1513 365 1550; x_wconf 88' lang='lat' dir='ltr'><strong>aram</strong></span> <span class='ocrx_word' id='word_1_101' title='bbox 375 1496 440 1550; x_wconf 87' lang='lat' dir='ltr'><strong>luco</strong></span> <span class='ocrx_word' id='word_1_102' title='bbox 449 1497 551 1569; x_wconf 82' lang='lat' dir='ltr'><strong>statuit,</strong></span> <span class='ocrx_word' id='word_1_103' title='bbox 569 1515 631 1564; x_wconf 84' lang='lat' dir='ltr'><strong>quae</strong></span> <span class='ocrx_word' id='word_1_104' title='bbox 642 1496 762 1549; x_wconf 87' lang='lat' dir='ltr'><strong>maxima</strong></span> <span class='ocrx_word' id='word_1_105' title='bbox 773 1496 881 1568; x_wconf 88' lang='lat' dir='ltr'><strong>semper</strong></span> 
     </span>
    </p>

    <p class='ocr_par' dir='ltr' id='par_1_7' title="bbox 117 1567 858 1639">
     <span class='ocr_line' id='line_1_18' title="bbox 117 1567 858 1639; baseline 0.005 -21"><span class='ocrx_word' id='word_1_106' title='bbox 117 1613 123 1618; x_wconf 93' lang='lat'>.</span> <span class='ocrx_word' id='word_1_107' title='bbox 190 1569 321 1624; x_wconf 88' lang='lat' dir='ltr'><strong>Dicetur</strong></span> <span class='ocrx_word' id='word_1_108' title='bbox 329 1567 418 1633; x_wconf 89' lang='lat' dir='ltr'><strong>nobis,</strong></span> <span class='ocrx_word' id='word_1_109' title='bbox 436 1570 462 1621; x_wconf 74' lang='grc' dir='ltr'><strong>δι</strong></span> <span class='ocrx_word' id='word_1_110' title='bbox 475 1569 527 1621; x_wconf 89' lang='lat' dir='ltr'><strong>erit</strong></span> <span class='ocrx_word' id='word_1_111' title='bbox 540 1585 602 1635; x_wconf 84' lang='lat' dir='ltr'><strong>quae</strong></span> <span class='ocrx_word' id='word_1_112' title='bbox 611 1568 732 1620; x_wconf 85' lang='lat' dir='ltr'><strong>maxima</strong></span> <span class='ocrx_word' id='word_1_113' title='bbox 741 1568 858 1639; x_wconf 89' lang='lat' dir='ltr'><strong>semper.</strong></span> 
     </span>
    </p>

    <p class='ocr_par' dir='ltr' id='par_1_8' title="bbox 117 1638 1018 1853">
     <span class='ocr_line' id='line_1_19' title="bbox 117 1638 1018 1705; baseline 0.003 -13"><span class='ocrx_word' id='word_1_114' title='bbox 117 1669 119 1674; x_wconf 95' lang='lat'>·</span> <span class='ocrx_word' id='word_1_115' title='bbox 224 1656 294 1692; x_wconf 87' lang='lat' dir='ltr'><strong>uare</strong></span> <span class='ocrx_word' id='word_1_116' title='bbox 311 1656 327 1691; x_wconf 90' lang='lat' dir='ltr'><strong>a</strong></span> <span class='ocrx_word' id='word_1_117' title='bbox 348 1639 394 1705; x_wconf 89' lang='lat' dir='ltr'><strong>ite,</strong></span> <span class='ocrx_word' id='word_1_118' title='bbox 413 1639 568 1705; x_wconf 62' lang='lat' dir='ltr'><strong>&amp;juvenen</strong></span> <span class='ocrx_word' id='word_1_119' title='bbox 583 1650 723 1692; x_wconf 87' lang='lat' dir='ltr'><strong>tantarum</strong></span> <span class='ocrx_word' id='word_1_120' title='bbox 734 1638 761 1691; x_wconf 91' lang='lat' dir='ltr'><strong>in</strong></span> <span class='ocrx_word' id='word_1_121' title='bbox 776 1654 889 1692; x_wconf 86' lang='lat' dir='ltr'><strong>munere</strong></span> <span class='ocrx_word' id='word_1_122' title='bbox 900 1639 1018 1696; x_wconf 88' lang='lat' dir='ltr'><strong>laudum</strong></span> 
     </span>
     <span class='ocr_line' id='line_1_20' title="bbox 191 1656 938 1781; baseline -0.003 -15"><span class='ocrx_word' id='word_1_123' title='bbox 191 1709 313 1780; x_wconf 87' lang='lat' dir='ltr'><strong>Cingite</strong></span> <span class='ocrx_word' id='word_1_124' title='bbox 327 1656 423 1763; x_wconf 67' lang='lat' dir='ltr'><strong>stonde</strong></span> <span class='ocrx_word' id='word_1_125' title='bbox 433 1725 536 1775; x_wconf 87' lang='lat' dir='ltr'><strong>comas,</strong></span> <span class='ocrx_word' id='word_1_126' title='bbox 550 1710 577 1761; x_wconf 74' lang='lat' dir='ltr'><strong>sc</strong></span> <span class='ocrx_word' id='word_1_127' title='bbox 590 1709 693 1779; x_wconf 92' lang='lat' dir='ltr'><strong>pocula</strong></span> <span class='ocrx_word' id='word_1_128' title='bbox 702 1711 811 1781; x_wconf 82' lang='lat' dir='ltr'><strong>porgite</strong></span> <span class='ocrx_word' id='word_1_129' title='bbox 820 1710 938 1775; x_wconf 75' lang='lat' dir='ltr'><strong>dextris,</strong></span> 
     </span>
     <span class='ocr_line' id='line_1_21' title="bbox 191 1779 1016 1853; baseline -0.002 -15"><span class='ocrx_word' id='word_1_130' title='bbox 191 1779 1016 1853; x_wconf 78' lang='lat' dir='ltr'><strong>Communemquevocatedeum,&amp;datevinavolentes.275</strong></span> 
     </span>
    </p>

    <p class='ocr_par' dir='ltr' id='par_1_9' title="bbox 117 1850 974 1924">
     <span class='ocr_line' id='line_1_22' title="bbox 117 1850 974 1924; baseline -0.002 -17"><span class='ocrx_word' id='word_1_131' title='bbox 117 1912 119 1919; x_wconf 60' lang='grc'>,</span> <span class='ocrx_word' id='word_1_132' title='bbox 233 1853 355 1907; x_wconf 81' lang='lat' dir='ltr'><strong>Dixerat</strong></span> <span class='ocrx_word' id='word_1_133' title='bbox 368 1873 374 1905; x_wconf 74' lang='grc' dir='ltr'>ι</span> <span class='ocrx_word' id='word_1_134' title='bbox 394 1850 535 1907; x_wconf 62' lang='lat' dir='ltr'><strong>Herculei</strong></span> <span class='ocrx_word' id='word_1_135' title='bbox 547 1851 656 1905; x_wconf 88' lang='lat' dir='ltr'><strong>bicolor</strong></span> <span class='ocrx_word' id='word_1_136' title='bbox 667 1854 732 1905; x_wconf 79' lang='lat' dir='ltr'><strong>cum</strong></span> <span class='ocrx_word' id='word_1_137' title='bbox 741 1853 864 1924; x_wconf 88' lang='lat' dir='ltr'><strong>populus</strong></span> <span class='ocrx_word' id='word_1_138' title='bbox 873 1853 974 1907; x_wconf 62' lang='lat' dir='ltr'><strong>umbri</strong></span> 
     </span>
    </p>

    <p class='ocr_par' dir='ltr' id='par_1_10' title="bbox 117 1921 889 1994">
     <span class='ocr_line' id='line_1_23' title="bbox 117 1921 889 1994; baseline -0.001 -17"><span class='ocrx_word' id='word_1_139' title='bbox 117 1942 121 1987; x_wconf 79' lang='grc'>;</span> <span class='ocrx_word' id='word_1_140' title='bbox 190 1924 370 1990; x_wconf 79' lang='lat' dir='ltr'><strong>velavitque</strong></span> <span class='ocrx_word' id='word_1_141' title='bbox 381 1938 473 1976; x_wconf 83' lang='lat' dir='ltr'><strong>comas</strong></span> <span class='ocrx_word' id='word_1_142' title='bbox 486 1921 615 1991; x_wconf 85' lang='lat' dir='ltr'><strong>foliisque</strong></span> <span class='ocrx_word' id='word_1_143' title='bbox 626 1923 725 1976; x_wconf 88' lang='lat' dir='ltr'><strong>innexa</strong></span> <span class='ocrx_word' id='word_1_144' title='bbox 738 1923 871 1994; x_wconf 91' lang='lat' dir='ltr'><strong>pependit</strong></span> <span class='ocrx_word' id='word_1_145' title='bbox 882 1944 889 1976; x_wconf 88' lang='lat'><em>=</em></span> 
     </span>
    </p>

    <p class='ocr_par' dir='ltr' id='par_1_11' title="bbox 126 1993 964 2133">
     <span class='ocr_line' id='line_1_24' title="bbox 126 1993 964 2063; baseline -0.005 -12"><span class='ocrx_word' id='word_1_146' title='bbox 126 2042 147 2059; x_wconf 77' lang='grc'><strong>.,</strong></span> <span class='ocrx_word' id='word_1_147' title='bbox 190 1994 233 2049; x_wconf 90' lang='lat' dir='ltr'><strong>Et</strong></span> <span class='ocrx_word' id='word_1_148' title='bbox 247 1994 326 2046; x_wconf 86' lang='lat' dir='ltr'><strong>sacer</strong></span> <span class='ocrx_word' id='word_1_149' title='bbox 337 1993 465 2063; x_wconf 86' lang='lat' dir='ltr'><strong>implevit</strong></span> <span class='ocrx_word' id='word_1_150' title='bbox 478 1993 605 2047; x_wconf 83' lang='lat' dir='ltr'><strong>dextram</strong></span> <span class='ocrx_word' id='word_1_151' title='bbox 619 1993 755 2063; x_wconf 85' lang='lat' dir='ltr'><strong>scyphus:</strong></span> <span class='ocrx_word' id='word_1_152' title='bbox 773 1996 859 2063; x_wconf 75' lang='lat' dir='ltr'><strong>ocyus</strong></span> <span class='ocrx_word' id='word_1_153' title='bbox 868 2010 964 2048; x_wconf 88' lang='lat' dir='ltr'><strong>omnes</strong></span> 
     </span>
     <span class='ocr_line' id='line_1_25' title="bbox 189 2064 854 2133; baseline -0.002 -13"><span class='ocrx_word' id='word_1_154' title='bbox 189 2066 227 2120; x_wconf 93' lang='lat' dir='ltr'><strong>In</strong></span> <span class='ocrx_word' id='word_1_155' title='bbox 238 2064 363 2118; x_wconf 89' lang='lat' dir='ltr'><strong>mensam</strong></span> <span class='ocrx_word' id='word_1_156' title='bbox 373 2064 430 2117; x_wconf 90' lang='lat' dir='ltr'><strong>laeti</strong></span> <span class='ocrx_word' id='word_1_157' title='bbox 441 2064 539 2129; x_wconf 80' lang='lat' dir='ltr'><strong>libant,</strong></span> <span class='ocrx_word' id='word_1_158' title='bbox 551 2064 686 2131; x_wconf 89' lang='lat' dir='ltr'><strong>divosque</strong></span> <span class='ocrx_word' id='word_1_159' title='bbox 696 2076 854 2133; x_wconf 86' lang='lat' dir='ltr'><strong>precantur.</strong></span> 
     </span>
    </p>

    <p class='ocr_par' dir='ltr' id='par_1_12' title="bbox 187 2134 1016 2343">
     <span class='ocr_line' id='line_1_26' title="bbox 189 2134 1016 2206; baseline 0 -15"><span class='ocrx_word' id='word_1_160' title='bbox 189 2137 318 2192; x_wconf 87' lang='lat' dir='ltr'><strong>Devexo</strong></span> <span class='ocrx_word' id='word_1_161' title='bbox 328 2135 431 2188; x_wconf 89' lang='lat' dir='ltr'><strong>interea</strong></span> <span class='ocrx_word' id='word_1_162' title='bbox 438 2134 551 2206; x_wconf 92' lang='lat' dir='ltr'><strong>propior</strong></span> <span class='ocrx_word' id='word_1_163' title='bbox 563 2135 594 2186; x_wconf 92' lang='lat' dir='ltr'><strong>fit</strong></span> <span class='ocrx_word' id='word_1_164' title='bbox 604 2135 703 2205; x_wconf 88' lang='lat' dir='ltr'><strong>vesper</strong></span> <span class='ocrx_word' id='word_1_165' title='bbox 712 2135 835 2205; x_wconf 86' lang='lat' dir='ltr'><strong>Olympo</strong></span> <span class='ocrx_word' id='word_1_166' title='bbox 845 2158 853 2203; x_wconf 80' lang='lat'>3</span> <span class='ocrx_word' id='word_1_167' title='bbox 964 2143 1016 2192; x_wconf 87' lang='lat'><strong>280</strong></span> 
     </span>
     <span class='ocr_line' id='line_1_27' title="bbox 187 2204 868 2276; baseline -0.003 -16"><span class='ocrx_word' id='word_1_168' title='bbox 187 2208 314 2274; x_wconf 88' lang='lat' dir='ltr'><strong>Jamque</strong></span> <span class='ocrx_word' id='word_1_169' title='bbox 325 2204 477 2259; x_wconf 85' lang='lat' dir='ltr'><strong>sacerdotes</strong></span> <span class='ocrx_word' id='word_1_170' title='bbox 487 2205 647 2276; x_wconf 88' lang='lat' dir='ltr'><strong>primusque</strong></span> <span class='ocrx_word' id='word_1_171' title='bbox 659 2205 778 2260; x_wconf 86' lang='lat' dir='ltr'><strong>Potitius</strong></span> <span class='ocrx_word' id='word_1_172' title='bbox 790 2205 868 2259; x_wconf 87' lang='lat' dir='ltr'><strong>ibant</strong></span> 
     </span>
     <span class='ocr_line' id='line_1_28' title="bbox 187 2274 923 2343; baseline -0.001 -11"><span class='ocrx_word' id='word_1_173' title='bbox 187 2277 323 2332; x_wconf 90' lang='lat' dir='ltr'><strong>Pellibus</strong></span> <span class='ocrx_word' id='word_1_174' title='bbox 335 2276 363 2328; x_wconf 94' lang='lat' dir='ltr'><strong>in</strong></span> <span class='ocrx_word' id='word_1_175' title='bbox 371 2292 475 2329; x_wconf 89' lang='lat' dir='ltr'><strong>morem</strong></span> <span class='ocrx_word' id='word_1_176' title='bbox 484 2274 579 2343; x_wconf 74' lang='lat' dir='ltr'><strong>cinsli,</strong></span> <span class='ocrx_word' id='word_1_177' title='bbox 599 2275 727 2330; x_wconf 86' lang='lat' dir='ltr'><strong>flammas</strong></span> <span class='ocrx_word' id='word_1_178' title='bbox 743 2292 777 2328; x_wconf 93' lang='lat' dir='ltr'><strong>ue</strong></span> <span class='ocrx_word' id='word_1_179' title='bbox 788 2275 923 2331; x_wconf 87' lang='lat' dir='ltr'><strong>serebant.</strong></span> 
     </span>
    </p>

    <p class='ocr_par' dir='ltr' id='par_1_13' title="bbox 132 2293 1045 3130">
     <span class='ocr_line' id='line_1_29' title="bbox 132 2293 849 2417; baseline -0.003 -15"><span class='ocrx_word' id='word_1_180' title='bbox 132 2356 141 2364; x_wconf 89' lang='lat'>&#39;</span> <span class='ocrx_word' id='word_1_181' title='bbox 187 2349 348 2402; x_wconf 79' lang='lat' dir='ltr'><strong>instaurant</strong></span> <span class='ocrx_word' id='word_1_182' title='bbox 358 2346 466 2417; x_wconf 81' lang='lat' dir='ltr'><strong>epulas,</strong></span> <span class='ocrx_word' id='word_1_183' title='bbox 481 2348 507 2399; x_wconf 75' lang='grc' dir='ltr'><strong>δι</strong></span> <span class='ocrx_word' id='word_1_184' title='bbox 520 2345 629 2400; x_wconf 82' lang='lat' dir='ltr'><strong>mensae-</strong></span> <span class='ocrx_word' id='word_1_185' title='bbox 634 2358 712 2417; x_wconf 84' lang='lat' dir='ltr'><strong>grata</strong></span> <span class='ocrx_word' id='word_1_186' title='bbox 722 2293 849 2400; x_wconf 73' lang='lat' dir='ltr'><strong>secundae</strong></span> 
     </span>
     <span class='ocr_line' id='line_1_30' title="bbox 186 2416 948 2485; baseline 0 -12"><span class='ocrx_word' id='word_1_187' title='bbox 186 2420 275 2473; x_wconf 88' lang='lat' dir='ltr'><strong>Dona</strong></span> <span class='ocrx_word' id='word_1_188' title='bbox 287 2416 389 2481; x_wconf 89' lang='lat' dir='ltr'><strong>serunt,</strong></span> <span class='ocrx_word' id='word_1_189' title='bbox 405 2416 605 2485; x_wconf 88' lang='lat' dir='ltr'><strong>cumulantque</strong></span> <span class='ocrx_word' id='word_1_190' title='bbox 615 2417 733 2470; x_wconf 89' lang='lat' dir='ltr'><strong>oneratis</strong></span> <span class='ocrx_word' id='word_1_191' title='bbox 743 2418 869 2473; x_wconf 81' lang='lat' dir='ltr'><strong>lancibus</strong></span> <span class='ocrx_word' id='word_1_192' title='bbox 878 2436 948 2474; x_wconf 86' lang='lat' dir='ltr'><strong>aras.</strong></span> 
     </span>
     <span class='ocr_line' id='line_1_31' title="bbox 183 2487 1013 2561; baseline 0.001 -18"><span class='ocrx_word' id='word_1_193' title='bbox 183 2492 272 2543; x_wconf 90' lang='lat' dir='ltr'><strong>Tum</strong></span> <span class='ocrx_word' id='word_1_194' title='bbox 284 2487 355 2540; x_wconf 85' lang='lat' dir='ltr'><strong>Salii</strong></span> <span class='ocrx_word' id='word_1_195' title='bbox 363 2487 398 2539; x_wconf 91' lang='lat' dir='ltr'><strong>ad</strong></span> <span class='ocrx_word' id='word_1_196' title='bbox 408 2498 516 2553; x_wconf 84' lang='lat' dir='ltr'><strong>cantus,</strong></span> <span class='ocrx_word' id='word_1_197' title='bbox 532 2487 640 2541; x_wconf 88' lang='lat' dir='ltr'><strong>incensa</strong></span> <span class='ocrx_word' id='word_1_198' title='bbox 650 2488 747 2542; x_wconf 87' lang='lat' dir='ltr'><strong>altaria</strong></span> <span class='ocrx_word' id='word_1_199' title='bbox 756 2489 873 2558; x_wconf 82' lang='lat' dir='ltr'><strong>circum,</strong></span> <span class='ocrx_word' id='word_1_200' title='bbox 962 2496 1013 2561; x_wconf 82' lang='lat'><strong>285</strong></span> 
     </span>
     <span class='ocr_line' id='line_1_32' title="bbox 183 2556 800 2632; baseline -0.002 -18"><span class='ocrx_word' id='word_1_201' title='bbox 183 2557 325 2632; x_wconf 88' lang='lat' dir='ltr'><strong>Populeis</strong></span> <span class='ocrx_word' id='word_1_202' title='bbox 338 2556 436 2612; x_wconf 86' lang='lat' dir='ltr'><strong>adsunt</strong></span> <span class='ocrx_word' id='word_1_203' title='bbox 448 2556 551 2612; x_wconf 72' lang='lat' dir='ltr'><strong>evinsli</strong></span> <span class='ocrx_word' id='word_1_204' title='bbox 565 2569 690 2629; x_wconf 80' lang='lat' dir='ltr'><strong>tempora</strong></span> <span class='ocrx_word' id='word_1_205' title='bbox 702 2558 800 2626; x_wconf 79' lang='lat' dir='ltr'><strong>ramis3</strong></span> 
     </span>
     <span class='ocr_line' id='line_1_33' title="bbox 181 2628 1012 2700; baseline 0.002 -17"><span class='ocrx_word' id='word_1_206' title='bbox 181 2629 245 2686; x_wconf 86' lang='lat' dir='ltr'><strong>Hic</strong></span> <span class='ocrx_word' id='word_1_207' title='bbox 257 2630 397 2695; x_wconf 87' lang='lat' dir='ltr'><strong>juvenum</strong></span> <span class='ocrx_word' id='word_1_208' title='bbox 411 2628 524 2695; x_wconf 88' lang='lat' dir='ltr'><strong>chorus,</strong></span> <span class='ocrx_word' id='word_1_209' title='bbox 540 2628 589 2684; x_wconf 88' lang='lat' dir='ltr'><strong>ille</strong></span> <span class='ocrx_word' id='word_1_210' title='bbox 599 2628 712 2696; x_wconf 67' lang='lat' dir='ltr'><strong>senum</strong></span> <span class='ocrx_word' id='word_1_211' title='bbox 729 2629 778 2700; x_wconf 88' lang='lat' dir='ltr'><strong>qui</strong></span> <span class='ocrx_word' id='word_1_212' title='bbox 787 2628 906 2685; x_wconf 80' lang='lat' dir='ltr'><strong>carmine</strong></span> <span class='ocrx_word' id='word_1_213' title='bbox 915 2632 1012 2686; x_wconf 86' lang='lat' dir='ltr'><strong>laudes</strong></span> 
     </span>
     <span class='ocr_line' id='line_1_34' title="bbox 180 2697 869 2771; baseline 0 -15"><span class='ocrx_word' id='word_1_214' title='bbox 180 2699 345 2756; x_wconf 86' lang='lat' dir='ltr'><strong>Herculeas</strong></span> <span class='ocrx_word' id='word_1_215' title='bbox 356 2698 381 2752; x_wconf 72' lang='grc' dir='ltr'>ἀ</span> <span class='ocrx_word' id='word_1_216' title='bbox 391 2697 464 2752; x_wconf 70' lang='lat' dir='ltr'><strong>sada</strong></span> <span class='ocrx_word' id='word_1_217' title='bbox 474 2699 581 2754; x_wconf 86' lang='lat' dir='ltr'><strong>serant:</strong></span> <span class='ocrx_word' id='word_1_218' title='bbox 598 2710 631 2753; x_wconf 87' lang='lat' dir='ltr'><strong>ut</strong></span> <span class='ocrx_word' id='word_1_219' title='bbox 641 2699 731 2771; x_wconf 81' lang='lat' dir='ltr'><strong>prima</strong></span> <span class='ocrx_word' id='word_1_220' title='bbox 742 2716 869 2756; x_wconf 82' lang='lat' dir='ltr'><strong>novercae</strong></span> 
     </span>
     <span class='ocr_line' id='line_1_35' title="bbox 179 2769 990 2843; baseline 0.004 -21"><span class='ocrx_word' id='word_1_221' title='bbox 179 2769 316 2828; x_wconf 81' lang='lat' dir='ltr'><strong>Monstra</strong></span> <span class='ocrx_word' id='word_1_222' title='bbox 324 2785 419 2835; x_wconf 86' lang='lat' dir='ltr'><strong>manu,</strong></span> <span class='ocrx_word' id='word_1_223' title='bbox 433 2769 610 2840; x_wconf 85' lang='lat' dir='ltr'><strong>geminosque</strong></span> <span class='ocrx_word' id='word_1_224' title='bbox 620 2786 746 2843; x_wconf 88' lang='lat' dir='ltr'><strong>premens</strong></span> <span class='ocrx_word' id='word_1_225' title='bbox 755 2770 857 2827; x_wconf 86' lang='lat' dir='ltr'><strong>eliserit</strong></span> <span class='ocrx_word' id='word_1_226' title='bbox 869 2789 990 2843; x_wconf 80' lang='lat' dir='ltr'><strong>angues3</strong></span> 
     </span>
     <span class='ocr_line' id='line_1_36' title="bbox 178 2837 1009 2911; baseline 0 -16"><span class='ocrx_word' id='word_1_227' title='bbox 178 2842 226 2895; x_wconf 89' lang='lat' dir='ltr'><strong>Ut</strong></span> <span class='ocrx_word' id='word_1_228' title='bbox 237 2837 317 2892; x_wconf 82' lang='lat' dir='ltr'><strong>bello</strong></span> <span class='ocrx_word' id='word_1_229' title='bbox 328 2854 392 2909; x_wconf 82' lang='lat' dir='ltr'><strong>egre</strong></span> <span class='ocrx_word' id='word_1_230' title='bbox 412 2839 450 2892; x_wconf 85' lang='lat' dir='ltr'><strong>‘as</strong></span> <span class='ocrx_word' id='word_1_231' title='bbox 463 2840 538 2893; x_wconf 91' lang='lat' dir='ltr'><strong>idem</strong></span> <span class='ocrx_word' id='word_1_232' title='bbox 548 2840 687 2906; x_wconf 86' lang='lat' dir='ltr'><strong>disjecerit</strong></span> <span class='ocrx_word' id='word_1_233' title='bbox 697 2842 780 2894; x_wconf 90' lang='lat' dir='ltr'><strong>urbes</strong></span> <span class='ocrx_word' id='word_1_234' title='bbox 959 2860 1009 2911; x_wconf 85' lang='lat'><strong>290</strong></span> 
     </span>
     <span class='ocr_line' id='line_1_37' title="bbox 178 2908 964 2979; baseline 0.001 -16"><span class='ocrx_word' id='word_1_235' title='bbox 178 2911 362 2978; x_wconf 76' lang='lat' dir='ltr'><strong>Troiamque</strong></span> <span class='ocrx_word' id='word_1_236' title='bbox 417 2909 610 2979; x_wconf 81' lang='lat' dir='ltr'><strong>chaliamque:</strong></span> <span class='ocrx_word' id='word_1_237' title='bbox 629 2922 660 2964; x_wconf 90' lang='lat' dir='ltr'><strong>ut</strong></span> <span class='ocrx_word' id='word_1_238' title='bbox 673 2912 757 2965; x_wconf 85' lang='lat' dir='ltr'><strong>duros</strong></span> <span class='ocrx_word' id='word_1_239' title='bbox 769 2908 846 2964; x_wconf 90' lang='lat' dir='ltr'><strong>mille</strong></span> <span class='ocrx_word' id='word_1_240' title='bbox 855 2911 964 2965; x_wconf 83' lang='lat' dir='ltr'><strong>labores</strong></span> 
     </span>
     <span class='ocr_line' id='line_1_38' title="bbox 179 2978 862 3052; baseline -0.003 -16"><span class='ocrx_word' id='word_1_241' title='bbox 179 2984 268 3051; x_wconf 87' lang='lat' dir='ltr'><strong>Rege</strong></span> <span class='ocrx_word' id='word_1_242' title='bbox 283 2978 334 3031; x_wconf 92' lang='lat' dir='ltr'><strong>sub</strong></span> <span class='ocrx_word' id='word_1_243' title='bbox 348 2981 511 3051; x_wconf 84' lang='lat' dir='ltr'><strong>Eurystheo,</strong></span> <span class='ocrx_word' id='word_1_244' title='bbox 529 2980 596 3036; x_wconf 83' lang='lat' dir='ltr'><strong>satis</strong></span> <span class='ocrx_word' id='word_1_245' title='bbox 609 2981 862 3052; x_wconf 52' lang='lat' dir='ltr'><strong>innumerusque,</strong></span> 
     </span>
     <span class='ocr_line' id='line_1_39' title="bbox 171 3048 1045 3130; baseline -0.013 -23"><span class='ocrx_word' id='word_1_246' title='bbox 171 3048 350 3107; x_wconf 76' lang='lat' dir='ltr'><strong>Pertulerit:</strong></span> <span class='ocrx_word' id='word_1_247' title='bbox 370 3060 402 3107; x_wconf 90' lang='lat' dir='ltr'><strong>tu</strong></span> <span class='ocrx_word' id='word_1_248' title='bbox 415 3053 591 3130; x_wconf 76' lang='lat' dir='ltr'><strong>nubigenas,</strong></span> <span class='ocrx_word' id='word_1_249' title='bbox 608 3055 736 3130; x_wconf 67' lang='lat' dir='ltr'><strong>insiste,</strong></span> <span class='ocrx_word' id='word_1_250' title='bbox 748 3051 939 3111; x_wconf 63' lang='lat' dir='ltr'><strong>bimembres</strong></span> <span class='ocrx_word' id='word_1_251' title='bbox 1043 3119 1045 3124; x_wconf 20' lang='grc' dir='ltr'>Ι</span> 
     </span>
    </p>

    <p class='ocr_par' dir='ltr' id='par_1_14' title="bbox 861 3117 1045 3188">
     <span class='ocr_line' id='line_1_40' title="bbox 861 3117 1045 3188; baseline 0.005 -20"><span class='ocrx_word' id='word_1_252' title='bbox 861 3117 1045 3188; x_wconf 51' lang='lat' dir='ltr'><strong>ffiqlamssl</strong></span> 
     </span>
    </p>
   </div>
   <div class='ocr_carea' id='block_1_3' title="bbox 0 0 1154 3600">
    <p class='ocr_par' dir='ltr' id='par_1_15' title="bbox 0 0 1154 3600">
     <span class='ocr_line' id='line_1_41' title="bbox 0 0 1154 3600; baseline 0 2"><span class='ocrx_word' id='word_1_253' title='bbox 0 0 1154 3600; x_wconf 95' lang='lat' dir='ltr'><strong> </strong></span> 
     </span>
    </p>
   </div>
  </div>
 </body>
</html>
