2300 3600
179 386 233 435 282
380 381 414 436 Ρ.
434 379 612 437 VIRGILII
632 378 823 435 MARONIS

182 474 305 529 Crastina
313 474 375 541 lux,
391 485 452 528 mea
462 477 478 528 sr
490 492 543 527 non
550 474 627 527 irrita
636 472 710 528 dista
722 473 842 545 putdris,

181 546 310 616 Ingentes
320 546 438 599 Rutulae
453 546 468 598 s
483 544 681 598 estabitcaedis
692 560 817 597 acervos.

181 618 316 671 Dixerat:
341 618 476 669 &dextra
485 616 628 669 discedens
637 614 749 686 impulit
761 616 859 682 altam,

180 687 265 742 Haud
276 688 368 758 ignara
379 687 464 752 modi,
476 688 612 757 puppim:
635 686 707 756 sugit
720 685 769 738 illa
779 701 831 755 per
842 683 932 739 undas

178 760 275 826 Ocyor
285 760 311 810 δι
321 757 416 823 jaculo
431 758 456 809 &
468 769 565 809 ventos
573 768 700 826 aequante
711 754 820 826 sagittd.

180 828 251 881 Inde
263 827 323 880 aliae
332 828 452 880 celerant
464 828 570 881 cursus.
586 828 674 898 stupet
684 826 785 879 inscius
795 826 854 896 ipse

180 900 255 952 Tros
268 898 465 965 Anchisiades3
487 898 591 952 animos
604 908 696 950 tamen
705 898 796 950 omine
810 896 897 950 tollit.
949 918 952 947 z

180 970 260 1023 Turn
272 969 394 1021 breviter
406 969 503 1038 supera
515 967 656 1039 aspectans
668 984 794 1021 convexa
804 979 950 1039 precatura

182 1040 268 1092 Alma
281 1055 378 1109 parens
391 1041 466 1093 Idaea
474 1038 570 1105 dedm,
585 1039 630 1092 cui
645 1039 785 1107 Dindyma
797 1038 888 1105 cordi,

180 1110 395 1191 Turrigeraeque
408 1111 500 1175 urbes,
512 1110 658 1179 bijugique
665 1110 700 1162 ad
709 1109 785 1162 frena
794 1110 905 1177 leones3

179 1180 229 1233 Tu
242 1180 310 1232 nubi
323 1197 395 1232 nunc
404 1198 504 1251 pugnae
517 1181 655 1251 princeps,
670 1193 702 1232 tu
714 1182 766 1233 rite
776 1180 944 1249 propinques

181 1252 356 1320 Augurium,
373 1250 584 1321 Phrygibusque
597 1251 666 1304 adsrs
681 1251 762 1321 pede,
778 1250 857 1317 diva,
869 1249 952 1303 secun·

179 1323 306 1374 Tantum
318 1322 432 1375 effatus:
456 1322 593 1374 &interea
605 1321 733 1374 revoluta
741 1322 841 1375 ruebat
947 1340 952 1373 ι

181 1391 298 1446 Maturd
307 1393 366 1458 jam
375 1392 438 1445 luce
448 1392 517 1457 dies,
533 1391 696 1460 nossemque
710 1390 833 1462 fugarat.

219 1463 357 1533 Principio
370 1462 448 1515 sociis
459 1462 555 1530 edicit,
570 1464 642 1533 srgna
654 1464 814 1531 sequantur,

181 1536 279 1602 Atque
292 1534 396 1586 animos
405 1545 500 1604 aptent
510 1534 602 1600 armis,
616 1550 773 1603 pugnaeque
787 1543 886 1604 parent
897 1531 933 1587 se.

179 1605 298 1674 Jamque
306 1605 333 1656 in
341 1603 490 1674 conspectu
496 1607 622 1658 Teucros
632 1604 726 1670 babet,
738 1604 764 1655 δι
775 1604 824 1656 sua
833 1604 928 1669 castra,
947 1624 952 1654 z

182 1678 262 1728 Stans
274 1673 347 1728 celsa't
357 1674 384 1726 in
393 1675 498 1745 puppi:
519 1675 651 1745 clypeum
659 1678 722 1729 cum
731 1674 832 1728 deinde
840 1673 940 1729 sinistra

180 1747 295 1800 Extulit
303 1745 453 1800 ardentem.
468 1745 618 1800 clamorem
630 1746 665 1798 ad
678 1746 763 1800 tidera
771 1745 878 1800 tollunt

182 1817 348 1871 Dardanidae
359 1832 373 1868 e
386 1818 482 1872 muris.
496 1817 556 1887 spes
569 1816 663 1868 addita
680 1817 791 1870 suscitat
803 1818 876 1871 iras:

179 1889 254 1940 Tela
266 1906 347 1940 manu
358 1888 482 1952 jaciunt:
505 1889 599 1955 quales
611 1887 660 1939 sub
671 1888 793 1938 nubibus
801 1888 870 1940 atris

182 1959 343 2028 Strymoniae
357 1959 422 2010 dant
432 1959 503 2028 signa
514 1975 605 2028 grueS,
613 1971 695 2024 atque
705 1959 809 2010 aethera
818 1966 926 2011 tranant
946 1975 952 2008 ς

182 2030 256 2082 Cum
267 2029 366 2093 sonitu,
382 2029 547 2098 fugiuntque
561 2031 650 2082 Notos
662 2028 781 2081 clamore
796 2028 928 2084 secundo.

181 2103 224 2153 At
237 2100 346 2152 Rutulo
356 2100 411 2170 regi
421 2100 593 2168 ducibusque
606 2116 638 2151 ea
647 2099 714 2151 mira
724 2099 815 2152 videri

180 2171 313 2225 Ausoniis
323 2193 330 2237 ς
352 2171 438 2227 donec
452 2171 542 2222 versas
551 2171 586 2221 ad
597 2171 678 2221 litora
688 2186 797 2239 puppes

179 2241 355 2311 Respiciunt,
370 2254 515 2309 totumque
525 2240 608 2292 allabi
616 2240 741 2307 qlaffibus
749 2258 856 2308 aequor.

181 2314 272 2364 Ardet
285 2329 355 2381 apex
366 2311 461 2381 capiti,
476 2312 612 2378 cristisque
623 2330 639 2364 a
649 2312 752 2363 vertice
764 2312 878 2365 flamma
947 2328 952 2361 ε

180 2382 329 2447 Funditur,
343 2383 367 2434 dc
380 2384 467 2434 vastos
480 2383 565 2434 umbo
577 2383 665 2434 vomit
675 2398 773 2433 aureus
782 2383 878 2450 ignes:

178 2454 243 2505 Non
258 2452 345 2516 scena,
360 2469 391 2503 ac
402 2452 507 2520 liquidas
521 2453 661 2520 srquando
673 2452 752 2504 noete
762 2465 881 2506 cometae

178 2523 324 2590 Sanguinei
339 2523 458 2592 lugubre
469 2524 578 2588 rubent,
589 2536 636 2575 aut
649 2524 733 2574 Sirius
741 2523 823 2575 ardor

179 2593 232 2645 Ille
247 2592 317 2644 sitim
330 2594 493 2662 morbosque
507 2594 595 2645 serens
609 2594 772 2646 mortalibus
785 2594 869 2664 aegris

179 2664 318 2728 Nascitur,
332 2663 441 2716 &laevo
455 2666 591 2716 contristat
603 2664 706 2716 lumine
719 2664 836 2719 coelum.

177 2734 262 2787 Haud
273 2745 364 2785 tamen
377 2735 474 2786 audaci
485 2738 583 2787 Turno
593 2735 695 2786 fiducia
705 2735 777 2787 cessit

177 2806 272 2859 Litora
282 2805 438 2873 praeripere,
452 2807 477 2858 oc
492 2808 631 2857 venientes
645 2805 747 2875 pellere
761 2805 844 2859 terrfi.

177 2874 260 2928 Ultro
270 2875 374 2926 animos
385 2875 458 2927 tollit
468 2875 558 2938 distis,
571 2887 654 2944 atque
665 2877 890 2945 increpatultroe

176 2946 263 3019 Qod
279 2945 352 2998 votis
360 2946 482 3016 optastis,
494 2948 576 3011 adest,
587 2946 753 3016 perfringere
763 2946 862 3000 dextrd
875 2971 883 3002 ε

160 3020 198 3076 In
211 3019 349 3074 manibus
361 3022 445 3076 Mars
457 3018 529 3093 ipse,
541 3019 609 3071 viri.
617 3033 691 3070 nunc
702 3019 827 3084 coniugis
836 3019 894 3072 esto
947 3038 952 3070 ε

153 3095 292 3178 Quisque
308 3096 369 3154 suae
382 3094 518 3169 tectique
528 3106 658 3161 menum,
678 3088 952 3173 nunemaguareierp
