2300 3600
155 380 213 435 26⁶
341 377 375 433 P.
394 373 570 431 VIRGlLll
588 370 778 428 Manouls
857 440 861 448 Ι

160 470 287 542 Qisque
299 468 373 537 suos,
388 468 525 537 variisque
537 478 642 519 acuunt
654 467 816 520 rumoribus
828 464 900 521 im·

162 542 307 615 Qinipsa
319 539 430 594 antelis
444 537 520 609 (visu
530 536 700 605 miserabile)
715 537 744 590 in
757 538 842 591 hallia

161 613 315 683 Praefigunt
327 612 429 683 capita,
448 611 475 665 ἃ
488 608 579 663 multo
592 608 712 662 clamore
726 608 896 678 sequuntur,

160 684 278 753 Euryali
292 684 317 736 &
331 682 400 735 Nifi.

161 754 297 809 AEneadae
312 753 375 806 duri
387 766 531 805 murorum
543 751 657 823 inpane
671 747 773 804 sinistra

162 824 325 895 Opposuere
338 822 436 888 aciem,
455 826 533 891 (nam
546 823 662 876 dextera
673 822 798 892 cingitur
809 819 900 892 amni)

164 894 346 965 ingentesque
359 903 453 947 tenent
464 892 554 959 iollas,
570 895 597 947 δε
609 892 734 946 turribus
745 893 812 945 altis

165 969 244 1018 Stant
257 964 361 1017 moolli:
378 964 457 1017 simul
467 979 514 1016 ora
525 963 620 1016 virum
632 962 749 1034 praelixa
760 962 907 1018 movebant

163 1036 238 1089 Nota
251 1034 332 1087 nimis
341 1034 455 1104 miseris,
469 1045 584 1102 atroque
599 1034 714 1088 liuentia
726 1034 804 1088 tabo.

201 1107 311 1159 Interea
323 1105 454 1176 pavidam
467 1104 587 1158 volitans
600 1115 718 1176 pennata
730 1121 780 1175 per
792 1106 894 1159 urbem

169 1174 276 1229 Nuntia
290 1178 374 1230 Fama
385 1177 452 1240 ruit,
469 1175 617 1244 matrisque
629 1173 771 1229 adlabitur
781 1192 864 1229 aures

169 1247 301 1316 Euryali:
318 1257 346 1300 at
357 1246 464 1299 subitus
477 1244 582 1299 miserae
595 1247 671 1299 calor
682 1246 737 1299 olla
748 1246 879 1315 reliquit:

163 1318 276 1372 Exculli
289 1318 416 1371 manibus
428 1316 507 1382 radii,
525 1317 709 1385 revolutaque
722 1316 817 1388 pensa.

167 1389 271 1442 Evolat
284 1388 393 1453 infelix,
412 1388 436 1441 δι
452 1387 572 1440 femineo
585 1388 708 1454 ululatu,

168 1459 252 1513 Scilla
264 1475 382 1526 comam,
397 1475 490 1512 muros
499 1475 593 1512 amens
605 1470 689 1527 atque
701 1457 813 1527 agmina
824 1457 907 1513 cursu

168 1530 261 1585 Prima
273 1529 361 1599 petit:
384 1546 438 1582 non
451 1528 499 1582 illa
511 1528 615 1595 vistim,
630 1545 683 1582 non
693 1528 742 1581 illa
755 1530 853 1599 pericli

168 1601 196 1652 T
199 1601 361 1669 elorumque
369 1616 489 1667 me1nor;
501 1600 607 1653 coelum
615 1600 715 1652 dehinc
724 1600 867 1667 questibus
876 1600 907 1654 in

169 1674 252 1724 Hunc
260 1687 312 1740 ego
322 1681 360 1735 te,
375 1671 507 1740 Euryale,
521 1670 642 1740 aspicio?
657 1682 723 1723 tune
734 1670 783 1722 illa
793 1670 907 1726 sentila

169 1744 234 1794 Sera
246 1757 315 1794 meae
328 1742 435 1809 requies
448 1740 559 1813 potuisti
572 1741 696 1810 linquere
706 1740 802 1807 solam,

169 1813 315 1866 Crudelis?
335 1830 384 1865 nec
398 1824 435 1879 te,
457 1813 507 1865 sub
521 1822 597 1865 tanta
610 1812 733 1882 pericula
746 1811 868 1879 millum,

169 1883 260 1937 Affari
273 1895 430 1936 extremum
443 1883 547 1935 miserae
562 1884 626 1935 data
638 1883 720 1952 copia
731 1884 831 1935 matri?

168 1957 244 2020 Heu,
266 1953 337 2006 terrai
350 1953 444 2022 ignoti
458 1955 573 2006 canibus
586 1954 650 2005 data
663 1953 756 2024 praeda
768 1954 877 2008 Latinis

169 2025 350 2092 Alitilml‘que
362 2027 449 2089 jacesl
472 2040 521 2075 nec
536 2035 562 2076 te
576 2034 624 2076 tua
638 2024 734 2076 lunera
747 2037 837 2076 mater

170 2096 305 2160 Produxi,
324 2095 436 2165 prellive
450 2096 557 2161 oculos,
573 2107 622 2147 aut
635 2094 750 2146 vulnera
764 2094 832 2160 lavi,

169 2167 248 2219 Velle
263 2179 372 2235 tegens3
393 2166 443 2216 tibi
457 2182 541 2232 quarn
554 2163 648 2217 nolles
661 2164 756 2217 festina
768 2165 884 2234 dieique

169 2238 322 2306 Urgebam,
340 2238 364 2288 δι’
380 2235 435 2288 teli
448 2253 527 2288 curas
540 2236 647 2288 solabar
658 2236 754 2286 aniles,

171 2309 236 2380 Qo
244 2308 354 2374 sequar?
367 2318 415 2358 aut
425 2324 486 2374 quae
496 2322 567 2358 nunc
576 2317 652 2358 artus
660 2307 812 2385 avulsaque
824 2307 907 2361 meml

169 2379 207 2429 Et
219 2379 303 2429 funus
317 2377 438 2429 lacerum
452 2377 535 2429 tellus
549 2378 649 2428 habet?
666 2377 718 2428 hoc
732 2378 801 2429 nulii
814 2377 849 2429 de
861 2392 899 2443 te,

170 2449 253 2513 Nate,
270 2448 371 2499 refers?
390 2449 442 2499 hoc
457 2450 516 2499 sum
530 2446 656 2514 terrique
669 2447 792 2513 marique
805 2448 901 2502 secuta

171 2519 261 2587 Figite
275 2534 329 2583 me,
349 2519 366 2569 sr
381 2536 433 2585 qna
447 2519 483 2569 est
497 2519 599 2587 pietns3
619 2519 647 2568 in
659 2534 703 2569 me
716 2516 808 2569 omnia
822 2519 880 2572 tela

172 2588 320 2653 Conjicite,
338 2587 483 2640 &Rutulil
507 2604 549 2640 me
562 2589 680 2673 Primam
693 2587 830 2640 ablumite
844 2589 907 2642 fem

172 2662 234 2711 Aut
247 2671 289 2723 tu,
307 2674 404 2726 magne
419 2671 495 2728 pater
508 2660 617 2722 divum,
636 2658 771 2722 miserere,
788 2670 896 2726 tuoque

170 2729 295 2782 Invisum
310 2729 361 2780 hoc
376 2729 492 2780 detrude
506 2742 590 2798 caput
604 2729 655 2780 l'ub
669 2731 786 2781 Tartara
798 2731 872 2783 telo:

171 2799 292 2923 Quando
306 2800 386 2851 aliter
399 2816 503 2866 nequeo
517 2799 659 2850 crudelem
674 2800 840 2869 abrumpere
854 2802 907 2854 vita

171 2873 195 2923 H
219 2887 233 2922 c
249 2870 317 2921 fletu
330 2871 446 2921 conculli
461 2871 553 2933 animi,
572 2870 736 2936 moestusque
749 2887 800 2938 per
812 2888 907 2926 omnes

167 2939 196 2995 lt
208 2940 347 3012 gemitum
368 2951 477 3010 torpent
491 2939 614 2991 inlrattae
628 2943 663 2991 ad
677 2941 776 3009 proelra
788 2941 874 2996 vires.

158 3013 246 3068 Illam
261 3012 462 3070 incendentem
474 3011 570 3066 luetur
583 3011 678 3063 luem
692 3012 716 3063 ln
733 3010 832 3075 litlot,

143 3086 259 3155 ¹Ilionei
275 3090 390 3148 monitu
408 3089 436 3146 δι
451 3081 907 3196 ηιαὶωωΧ-αειεωὶκεῖὴῖκὲῦτ
