2300 3600
368 378 555 435 AENEIDOS
573 379 652 433 ns.-
666 378 739 434 XII.
755 379 757 384 '
776 415 778 418 v
921 396 971 445 347

156 472 242 525 'ralis
254 473 280 525 se
294 472 350 526 sata
362 474 450 527 Neue
464 474 540 539 tulit,
558 472 695 540 terrasque
708 471 819 543 petivit.
923 474 975 523 8⁶0

161 545 306 611 Postquam
319 544 389 596 acies
402 546 479 597 videt
489 545 586 597 Iliacas
595 555 677 610 atque
687 544 797 613 agmina
804 541 906 607 Turni,

162 614 252 667 ¹r⁰tlitis
265 614 292 667 in
305 615 529 685 parvaesubitam
541 612 659 667 collesia
670 614 797 683 figuram,

164 686 238 753 Qae
252 686 390 752 quondam
402 686 430 738 i'n
441 685 525 737 bustis
538 697 586 738 aut
598 684 767 737 culminibus
778 683 892 738 desertis

162 754 253 808 Nocte
267 756 370 821 sedens,
383 756 472 808 serum
484 756 556 810 canit
568 757 724 825 importuna
736 771 785 825 per
797 754 907 808 umbras
919 773 927 820 ;

165 828 244 879 Hanc
258 826 335 879 versa
347 827 375 878 in
388 826 497 891 saciem,
511 826 603 879 Tunri
615 826 641 877 se
654 825 734 895 pestis
746 827 781 878 ad
794 842 840 878 otu
924 826 975 890 865

166 898 284 964 Fertque
295 896 431 964 refertque
441 897 549 961 sonans,
562 896 901 966 clypeumqueeverberat
912 896 972 949 alis.

164 967 214 1019 iili
227 967 350 1019 membra
362 983 451 1019 novus
464 967 547 1020 solvit
564 965 709 1019 formidine
722 979 833 1037 torpoc3

164 1036 347 1104 Artes-ireque
359 1038 469 1089 horrore
480 1054 579 1102 comae,
594 1039 620 1090 δι
631 1052 688 1090 vox
702 1037 830 1090 saucibus
841 1037 929 1091 haestt.

205 1110 254 1171 At,
273 1107 369 1176 procul
383 1119 415 1160 ut
429 1107 504 1162 Dirae
518 1107 657 1160 stridorem
668 1108 782 1178 agnovit
795 1109 824 1161 ,δι
837 1108 904 1174 alas,

166 1177 271 1231 Infelix
285 1178 371 1230 crines
384 1178 482 1230 scindit
494 1180 614 1245 Juturna
626 1177 740 1244 solutos,
925 1183 976 1244 870

165 1249 314 1319 Unguibus
325 1266 373 1301 ora
385 1248 458 1301 sotor
471 1248 589 1315 soedans,
608 1251 633 1302 δι
647 1247 757 1319 ρεᾶοη
769 1247 884 1319 pugnis:

164 1319 246 1389 Qud
259 1334 331 1371 nunc
344 1331 372 1373 te
384 1330 443 1385 tua,
459 1322 565 1385 Turne,
585 1320 671 1389 potest
684 1334 811 1389 germana
821 1320 939 1384 juvare?

166 1392 230 1444 Aut
241 1390 307 1457 quid
317 1390 376 1455 jam
385 1390 461 1442 durae
475 1390 584 1459 superat
597 1389 681 1442 minii
701 1389 756 1457 qud
768 1389 820 1442 tibi
833 1390 927 1442 lucem

166 1463 240 1514 Arte
249 1468 354 1513 morer?
374 1461 450 1513 talin’
464 1462 572 1531 possum
584 1476 627 1512 me
639 1473 777 1530 opponere
789 1460 922 1512 monstro?

164 1532 229 1599 Jam
240 1532 299 1596 jam
313 1530 408 1599 linquo
421 1532 503 1585 acies.
521 1548 555 1583 ne
568 1548 612 1584 nte
624 1540 722 1583 terrete
735 1531 887 1596 timentem,
927 1534 979 1596 875

165 1601 314 1654 Obscoenae
328 1602 472 1669 volucres3
492 1602 599 1655 alarum
611 1600 724 1653 verbera
736 1601 837 1667 noseo,.

163 1671 369 1740 Lethalemque
381 1672 492 1739 sonum3
512 1688 562 1725 nec
575 1669 676 1724 fallunt
686 1671 756 1738 jussa
769 1671 887 1741 superba

167 1742 343 1812 Magnanimi
355 1743 444 1810 Jovis.
462 1744 523 1796 haec
535 1760 585 1814 pro
598 1743 753 1813 virginitate
767 1742 893 1812 reponit?

167 1815 236 1884 Qo
250 1815 337 1866 vitam
349 1815 426 1866 dedit
439 1823 585 1867 aeternamt
602 1829 652 1867 cur
663 1813 758 1867 mortis
770 1814 899 1884 adempta
911 1811 948 1864 est

167 1883 319 1938 Conditiot
333 1885 435 1954 possem
447 1896 537 1938 tantos
549 1883 626 1937 finire
636 1883 745 1937 dolores
928 1888 979 1942 880

165 1957 251 2010 Nunc
264 1954 347 2021 certe,
365 1956 390 2008 &
403 1955 500 2008 misero
514 1955 591 2008 fiatri
604 1971 695 2007 comes
707 1956 745 2006 ire
758 1971 809 2025 per
819 1955 941 2008 umbras.

165 2026 338 2081 immortalis
350 2042 400 2095 ego
411 2035 419 2079 t
439 2037 487 2079 aut
500 2026 648 2094 quicquam
660 2025 729 2078 mihi
741 2026 824 2078 dulce
836 2038 977 2078 meorum*

165 2099 214 2151 Te
228 2097 291 2161 stne,
307 2096 400 2162 frater,
415 2097 482 2149 erit?
502 2096 594 2165 dquae
608 2095 672 2149 satis
685 2096 740 2149 alta
752 2096 874 2148 dehiscat
967 2112 969 2119 ·

167 2169 260 2221 Terra
273 2167 351 2233 mihi,
372 2166 516 2234 manesque
529 2169 610 2219 deam
622 2166 749 2218 demittat
761 2166 796 2218 ad
806 2166 892 2218 imos?

165 2239 199 2291 T
201 2237 396 2303 antumcffata,
407 2250 495 2307 caput
509 2236 608 2290 clauco
621 2237 744 2289 contexit
757 2235 861 2289 amistu
930 2239 981 2300 885

168 2307 269 2363 Multa
281 2325 402 2376 gemens,
425 2310 451 2360 dc
464 2307 491 2359 se
505 2280 593 2360 suvia
606 2307 658 2359 dea
669 2307 793 2360 condidit
806 2307 874 2361 alto.

207 2381 311 2432 AEneas
324 2379 402 2431 instat
416 2381 521 2444 contrd,
539 2378 683 2445 telumque
695 2377 820 2430 coruscat

167 2444 271 2518 Ingens
280 2450 435 2513 arboreum,
449 2451 477 2512 dcv
486 2450 559 2502 saevo
568 2449 603 2501 sic
613 2447 723 2518 pec'torc
734 2447 822 2501 satur:
846 2449 980 2515 [trasiast

169 2523 247 2594 Qae
262 2520 588 2575 nuncdeindemoraest?
603 2529 650 2571 aut
661 2519 727 2585 quid
738 2520 806 2584 jam,
821 2522 928 2585 Turne,
943 2536 983 2571 re„

160 2594 237 2655 ‚Non
249 2590 341 2656 cursu,
356 2591 436 2642 saevis
447 2590 609 2643 certandum
621 2589 658 2642 est
670 2589 794 2641 cominus
807 2591 899 2643 armis.
934 2596 985 2659 ⁸9·

167 2665 257 2717 Verte
270 2677 365 2713 omnes
376 2672 432 2713 tete
445 2661 473 2712 in
483 2660 582 2727 sacies;
602 2662 628 2712 dc
641 2660 781 2726 contrahe,
795 2659 929 2729 quicquid

150 2782 156 2793 ,
169 2733 240 2786 Sive
252 2731 358 2797 animis,
377 2732 431 2784 five
444 2741 500 2784 arte
513 2731 605 2784 vales:
624 2741 691 2800 opta
702 2730 788 2783 ardua
800 2733 897 2801 pennis

170 2803 256 2859 Astra
268 2801 355 2870 sequi,
373 2802 552 2870 clausumque
564 2800 634 2853 cavit
646 2812 673 2853 te
685 2801 804 2857 condere
816 2801 897 2856 terrsn

169 2875 229 2930 Ille
242 2884 325 2942 caput
339 2872 477 2941 quassans}
496 2875 558 2926 Non
571 2890 615 2924 me
628 2883 676 2924 tua
689 2871 796 2924 fervida
808 2883 911 2925 terrent

171 2942 270 3009 Diua,
286 2941 379 3011 ferox;
400 2943 431 2997 dt
444 2960 487 2996 mc
500 2955 612 3007 terrent,
635 2944 660 2994 dc
671 2942 782 3012 Jupiter
793 2943 885 2996 hostis.
937 2951 988 3011 893

170 3019 235 3073 Nec
249 3015 329 3084 plura
341 3015 450 3080 effatus,
469 3015 566 3068 saxum
579 3013 772 3084 circumspicit
778 3013 910 3080 'iugem
987 3039 990 3044 ·

168 3090 277 3140 saxum
289 3086 445 3158 antiquum,
465 3088 577 3161 ingens,
597 3102 703 3161 campo
714 3083 773 3156 spu
782 3079 1034 3191 tortk'tssssxffl

352 3174 363 3196 O

1014 3216 1026 3239 Χ
