2300 3600
177 392 231 443 204
370 378 403 432 P.
419 378 597 433 VIRGlLll
613 373 803 432 MARoNts

175 470 313 526 Demensl
330 474 376 541 qui
391 473 509 536 nimbos,
526 475 551 525 Sc
566 490 619 525 non
631 467 767 525 imitabile
780 470 890 523 fulmen
941 488 950 537 ,⁴

175 545 246 597 AEre
261 544 478 613 &cornipedum
492 544 575 613 pulsu
589 541 727 596 stmulirat
740 554 889 609 equorum.

176 617 218 667 At
232 626 310 685 pater
322 615 494 683 omnipotens
506 614 590 667 densa
602 614 674 667 inter
684 613 781 673 nubila
794 607 885 665 telum

179 684 326 750 Contorsrt‚
346 687 412 753 (non
422 684 470 737 ille
485 684 569 751 faces,
585 700 633 737 nec
646 683 832 740 fumeataedis

179 756 313 825 Lumina)
329 756 556 825 praecipitemque
567 756 679 809 immani
689 755 801 807 turbine
813 752 920 823 adegit.

155 843 156 847 ¹
178 826 300 879 Necnon
314 828 339 878 ἃ
350 826 467 894 Tityon,
484 828 579 880 Terrae
593 824 789 895 omniparentis
801 824 950 889 alumnum

179 896 297 949 Cernere
309 909 382 963 erat:
403 914 453 967 per
465 909 523 950 tota
536 913 636 949 novem
649 896 695 949 etti
705 897 806 965 jugera
817 910 920 965 eorpus
943 914 950 960 ,ι

178 966 347 1036 Porrigitur3
362 968 500 1036 rostroque
513 968 638 1021 immanis
650 966 750 1020 vultur
761 966 875 1019 obunco

179 1037 339 1090 Immortale
349 1039 429 1106 jecur
441 1039 567 1103 tondens,
583 1038 769 1105 soecundaque
784 1037 876 1107 poenis

178 1106 300 1174 Viscera,
314 1104 484 1177 ihnatttrque
498 1108 600 1179 epulis,
615 1107 778 1177 habitatque
793 1107 844 1159 sub
857 1107 915 1162 alto

179 1176 308 1233 Peelorc:
330 1174 468 1244 neesibris
480 1179 588 1247 requies
602 1180 684 1231 datur
696 1179 754 1231 ulla
766 1178 880 1233 renatis.
942 1182 950 1227 l

179 1250 257 1319 Qid
269 1244 418 1303 memorem
430 1247 562 1321 Lapitha's
571 1250 672 1303 lxiona
683 1250 914 1319 Pirithoumque?

209 1338 259 1372 nos
273 1321 354 1393 super
365 1334 422 1373 atra
436 1320 501 1373 filex
512 1320 627 1387 jamiam
641 1319 760 1392 lapsum,
779 1319 943 1389 cadentique

179 1391 309 1445 imminet
323 1391 455 1445 assimilis:
473 1391 566 1443 lucent
578 1390 733 1461 genialibus
744 1390 810 1460 altis

180 1465 275 1515 Aurea
289 1462 378 1515 fulcra
392 1462 469 1527 toris,
488 1463 635 1532 epulaeque
647 1475 708 1514 ante
719 1479 766 1514 ora
776 1473 881 1534 parata
939 1471 941 1475 '

179 1532 306 1602 Regifico
319 1533 409 1598 luxu;
426 1533 575 1586 'Furiarum
590 1533 710 1585 maxima
720 1534 806 1598 juxtd
942 1535 950 1581 l

179 1604 322 1669 Accubat,
339 1605 364 1655 u
376 1605 503 1656 manibus
517 1603 646 1674 prohibet
659 1603 818 1674 contingere
832 1602 948 1669 mensam

180 1674 360 1744 Exurgitque
371 1674 459 1726 facem
470 1675 610 1739 attollens,
624 1685 707 1743 atque
717 1674 824 1727 intonat
834 1691 894 1729 ore.
930 1671 933 1677 ’

217 1746 283 1810 llic,
299 1745 400 1813 quibus
413 1746 489 1798 invisi
504 1744 611 1812 fratres,
631 1744 698 1799 dum
709 1746 767 1798 vita
780 1746 920 1812 manebat,
936 1794 941 1802 ,

181 1815 345 1870 Pulsatusve
358 1828 468 1885 parem,
482 1817 507 1868 δι
519 1816 594 1868 frans
608 1817 708 1869 innexa
716 1816 830 1885 clienti3

184 1889 245 1939 Aut
260 1888 306 1954 qui
319 1886 425 1939 divitiis
439 1887 489 1939 soli
503 1887 653 1940 incuhudre
666 1888 791 1958 repertis,
942 1891 950 1935 l

181 1960 239 2010 Nec
254 1969 360 2028 partem
374 1957 487 2026 posuere
501 1958 566 2024 suis,
586 1976 647 2025 quae
662 1961 783 2012 maxima
795 1960 880 2013 turba
891 1958 941 2024 elit

183 2031 296 2097 anue
307 2028 343 2080 ob
357 2028 526 2081 adulterium
539 2030 615 2093 caesr3
636 2031 738 2097 quique
752 2046 829 2083 arma
837 2029 925 2085 secuti

182 2101 282 2168 impia,
298 2115 346 2151 nee
360 2100 441 2150 veriti
454 2099 629 2151 dominorum
644 2101 738 2154 saliere
751 2101 877 2167 dextras,

183 2171 282 2222 inclusi
297 2186 407 2239 poenam
422 2170 592 2240 exspeslunt.
615 2187 647 2222 ne
661 2188 753 2240 quaere
766 2172 872 2238 doceri,

182 2245 275 2313 Qarn
286 2257 407 2310 plenam,
420 2253 466 2292 aut
478 2259 539 2308 qnae
550 2241 637 2294 forma
647 2243 731 2306 virm,
743 2241 891 2296 fortunave
899 2254 950 2296 mer

182 2315 287 2363 Saxum
299 2312 393 2379 ingens
404 2312 522 2364 volvunt
533 2310 592 2376 alii,
607 2313 743 2381 radiisque
753 2326 879 2366 rotarum
942 2314 950 2360 l

183 2380 309 2433 Deslrisli
324 2383 460 2451 pendent3
479 2382 567 2448 sedet,
584 2395 773 2450 aeternumque
788 2383 895 2436 sedebit

182 2452 285 2504 Infelix
295 2453 421 2505 Theseus
431 2475 437 2516 ;
458 2453 647 2521 Phlegyasque
663 2454 830 2506 miserrimus
841 2469 934 2508 omnes

182 2524 335 2582 Admonet,
357 2524 382 2574 ἃ
397 2523 497 2593 magni
511 2525 623 2580 testatur
637 2542 704 2577 voce
719 2541 768 2594 per
780 2526 911 2584 umbras:

181 2594 286 2645 Discite
296 2589 430 2657 justitiam
444 2595 552 2658 moniti,
575 2597 600 2647 δι
615 2613 669 2648 non
682 2608 804 2648 temnere
818 2597 910 2649 divos.
942 2597 950 2644 l

179 2663 313 2716 Vendidit
328 2663 372 2715 hic
386 2681 452 2717 auro
467 2665 594 2734 patriam,
614 2668 814 2733 dominumque
829 2675 950 2738 potenter

180 2733 332 2804 Imposuit:
355 2734 416 2786 fixit
431 2737 505 2804 leges
519 2738 608 2806 pretio
621 2750 703 2804 atque
717 2737 821 2790 resistit.

179 2805 233 2858 llic
247 2804 403 2858 thalamum
416 2806 512 2860 invasit
525 2818 596 2858 nam
610 2808 767 2875 vetitosque
781 2809 946 2877 hymeneos.

178 2877 247 2931 Auli
260 2891 356 2928 omnes
368 2875 486 2929 immane
500 2877 587 2941 nesus,
605 2879 725 2946 ausoque
739 2879 834 2948 potiti.

174 2949 248 3014 Non,
265 2944 334 3000 mihi
347 2944 365 2998 st
377 2944 479 3016 linguae
491 2960 604 3000 centum
615 2950 674 3013 sint,
690 2965 791 3016 oraque
803 2961 924 3014 centum,
941 2952 950 2998 s

161 3022 269 3074 Ferrea
284 3035 356 3087 vox,
371 3036 469 3072 ornnes
478 3017 816 3088 seelerumeumprendere
826 3020 933 3086 formas,

107 3149 111 3164 ,
153 3093 267 3149 Ouinia
278 3089 747 3170 poenarumpercurreremuhnn
755 3085 864 3158 posim.
940 3157 950 3182 Ἰ
