2300 3600
184 385 249 440 ars
382 384 417 441 r.
435 385 613 442 vinoun
633 353 824 440 unuou'rs

194 476 416 547 Semanimesque
429 480 531 533 micant
543 479 634 549 digiti,
647 478 808 545 ferrumque
817 474 922 532 retra&

231 550 356 606 Arcades
368 550 494 604 accensos
503 552 620 614 monitu,
634 551 658 601 δι
674 549 807 619 praeclara
816 558 922 601 tuentes

188 616 278 680 faeta
291 621 355 685 viri,
369 621 473 675 mixtus
486 621 567 674 dolor
578 622 603 673 a
613 620 704 690 pudor
712 630 800 672 armat
809 619 836 670 in
846 618 919 672 hoste

192 688 377 746 Tuml’allas
389 691 492 760 bijugis
506 690 661 761 fugientem
671 690 795 743 Rnoerea
807 700 909 759 praeter

192 758 323 825 Trajicit.
338 764 391 816 hoc
404 762 534 831 spatium,
546 773 709 828 tantumque
719 776 804 814 morae
818 759 873 812 fuit
884 756 922 813 lle

193 830 205 881 l
210 829 237 881 lo
248 848 363 899 namque
377 831 474 902 procul
483 832 604 884 validam
617 832 755 885 direxerat
767 830 888 884 hallam:

194 900 288 970 Qam
296 899 403 954 medius
414 903 553 957 Rhoeteus
562 902 712 971 intercipit,
722 900 828 972 optime
836 898 922 956 Teutl

186 971 220 1023 ¹T
223 987 237 1021 e
252 970 368 1040 fugiens,
381 972 547 1040 fratremque
557 974 671 1039 Tyren:
693 971 833 1039 currilque
843 969 922 1024 volut

192 1040 284 1093 Caedit
296 1041 448 1095 semanimis
462 1042 635 1095 Rutulorum
647 1041 771 1096 calcibus
783 1058 862 1097 arva.
880 1088 884 1093 .

193 1112 238 1163 Ac
247 1112 444 1184 velutoptato,
455 1114 544 1169 ventis
557 1114 648 1167 aestate
657 1109 769 1178 coortis,

192 1180 322 1250 Dispersa
334 1184 459 1238 immittit
468 1183 553 1252 sylvis
566 1183 805 1253 incendiapaslorr

191 1250 336 1323 Correptis
350 1254 440 1308 subito
453 1254 560 1316 mediis,
575 1253 735 1306 extenditur
745 1256 802 1308 una

184 1324 219 1375 ,Η
222 1325 312 1375 orrida
323 1341 371 1395 per
380 1325 450 1377 latos
460 1324 530 1378 acies
539 1324 677 1378 Vulcania
686 1340 800 1395 campos
810 1344 817 1379 t

191 1392 246 1447 llle
257 1394 351 1447 sedens
361 1395 450 1450 vidior
461 1394 585 1449 flammas
597 1394 737 1465 defpeslat
750 1406 886 1451 ovantes:

189 1459 256 1518 Non
269 1464 460 1519 alitersocitim
470 1466 559 1518 virtus
569 1466 625 1518 coit
635 1466 723 1519 omnis
733 1466 761 1517 in
773 1483 882 1521 unum:

190 1535 291 1602 Teque
301 1536 394 1601 juvat,
408 1536 495 1589 Palla.
511 1536 556 1587 sed
570 1536 651 1588 bellis
664 1552 727 1589 acer
738 1536 857 1592 Halesus

190 1605 297 1657 Tendit
308 1607 335 1657 in
347 1606 485 1671 adversos,
498 1606 579 1673 seque
589 1606 617 1659 in
629 1606 676 1659 sua
684 1606 791 1676 colligit
801 1624 889 1661 arma.

191 1676 218 1729 H
223 1675 246 1726 'rc
258 1676 358 1731 irradiat
373 1678 494 1742 Ladona,
510 1678 691 1745 Pheretaque,
705 1678 922 1747 Demodocumq'

191 1746 348 1814 Strymonio
363 1748 490 1800 dextram
501 1746 619 1819 fulgenti
629 1747 730 1818 deripit
740 1748 803 1802 ense

190 1815 302 1870 Elatam
316 1818 343 1869 in
352 1818 499 1888 jugulum3
522 1819 587 1870 faxo
598 1819 661 1871 ferit
672 1836 718 1870 ora
728 1820 881 1888 Thoantis,

192 1888 309 1955 Ofl'aque
320 1889 442 1960 dispersu
455 1890 567 1942 cerebro
580 1890 717 1958 permixta
725 1903 852 1946 cruento.

191 1958 260 2010 Fata
273 1975 370 2023 canens
385 1959 468 2027 sylvis
478 1960 586 2028 genitor
595 1959 698 2012 cclirat
709 1961 843 2014 Halesum
853 1983 862 2030 ς

189 2028 229 2080 Ut
244 2029 330 2080 l'cuior
340 2029 415 2081 letho
428 2031 552 2082 canentia
562 2031 667 2082 lumina
680 2029 773 2095 solvit,

189 2098 313 2166 injecere
325 2117 436 2152 manum
450 2101 552 2164 Parcae,
573 2100 690 2168 telisque
701 2101 844 2156 sacrarunt

189 2169 324 2222 Evandri.
340 2188 423 2238 quem
433 2171 467 2222 fic
479 2171 568 2224 Pallas
580 2171 649 2241 petit
659 2171 720 2223 ante
737 2184 885 2241 precatus:

189 2240 234 2290 Da
243 2258 324 2305 nnnc,
337 2241 426 2309 Tybri
435 2254 521 2312 pater,
539 2241 622 2306 ferro,
635 2242 708 2309 quod
723 2243 817 2296 missile
829 2244 910 2309 libro¹

190 2311 340 2363 Fortunam
351 2325 432 2378 atque
443 2312 516 2365 viam
527 2312 589 2364 duri
599 2329 647 2382 per
657 2312 754 2381 peslus
763 2314 867 2370 Halefi.

189 2381 259 2430 llaec
273 2399 346 2432 arma
356 2383 525 2449 exuviasque
536 2383 589 2434 viri
600 2396 648 2435 tua
658 2399 776 2450 quercus
787 2383 911 2437 habebit.

184 2451 291 2517 pin-dtr
306 2452 353 2504 illa
364 2454 442 2517 deus,
454 2456 521 2505 dum
532 2453 602 2507 texit
619 2455 729 2505 lmaona
743 2454 873 2522 Halesus,
895 2500 897 2504 ,

188 2521 311 2572 Arcadio
322 2522 419 2574 infelix
431 2524 486 2574 telo
500 2524 545 2574 dat
557 2523 654 2608 peslus
665 2523 810 2576 inermum.

225 2593 265 2643 At
280 2609 333 2642 non
347 2593 423 2645 caede
435 2593 485 2646 viri
498 2599 573 2647 tanta
587 2594 731 2663 perterrita
743 2594 860 2660 Lausus,

189 2659 254 2714 Pars
268 2661 362 2730 ingens
376 2663 454 2727 belli,
470 2664 528 2719 fmit
539 2666 664 2732 agmina:
686 2667 792 2735 primus
807 2667 922 2721 Abanter

189 2731 354 2802 Oppositum
369 2733 508 2797 interimit,
525 2751 624 2804 pugnae
637 2737 795 2806 nodumque
806 2753 922 2802 moramq

188 2800 325 2853 Sternitur
341 2804 468 2857 Arcadiae
484 2804 592 2874 proles;
615 2806 769 2858 sternuntur
783 2807 910 2872 Etrusci;

185 2871 224 2925 Et
238 2888 298 2937 vos,
314 2873 330 2926 ὃ
342 2873 434 2925 Graiis
447 2874 592 2944 imperdita
606 2893 730 2945 corpora,
746 2876 862 2929 Teucri.

177 2944 308 3016 Agmina
317 2962 490 3001 concurrunt
503 2943 675 3012 ducissuiuue
684 2948 708 2996 dc
720 2945 920 3016 viribusaequis

169 3019 310 3077 Extremi
324 3018 484 3076 addensent
498 3017 594 3083 acies,
613 3032 663 3067 nec
673 3015 871 3066 ruruamouer'x

161 3092 244 3151 Tela
257 3097 430 3170 manusque
442 3093 520 3150 linit.
534 3081 922 3150 lt'tuelallasinitat,&urge
