2300 3600
376 312 732 406 musinusmsm.
788 359 792 370 ·
933 361 990 419 ss«
1037 343 1039 347 ·

159 442 295 510 crudae,
318 457 368 497 nec
382 444 444 496 telis
457 459 601 499 occurrere
611 444 728 514 virginis
741 442 837 498 audet.

164 518 212 569 Ac
225 516 305 568 velut
319 513 378 579 ille,
395 515 471 584 prius
484 518 568 583 quim
580 514 635 567 tela
648 514 759 568 inimica
772 515 929 581 sequuntur,

166 585 350 653 Continuis-in
363 598 470 638 montes
483 585 537 637 sese
550 586 630 638 avius
643 584 751 638 abdidit
764 587 846 652 altoS,
933 590 988 640 810

164 654 268 708 Occiso
281 652 383 725 pauore
397 657 480 726 lupus
494 670 629 726 magnove
639 657 773 722 juvenco,

166 726 304 780 Conscius
317 725 428 778 audacis
442 725 519 791 fasti,
539 727 711 794 caudamque
724 726 879 781 remulcens
921 784 923 788 ,

167 797 296 861 Subjecit
309 796 479 865 pavitantem
492 808 583 862 utero,
607 796 750 865 sylvasque
765 799 877 867 petivit.

170 867 256 920 Haud
270 866 347 919 secus
359 883 394 919 ex
407 866 496 919 oculis
509 867 535 919 se
549 868 678 921 turbidus
691 868 802 922 abstulit
813 872 925 935 Aruns3

167 937 378 1005 Contentusque
392 937 461 1007 fugis
474 938 571 990 mediis
585 940 611 990 se
624 938 773 991 immiscuit
786 940 878 992 armis.
933 944 986 1008 815

166 1009 223 1062 Illa
237 1024 320 1060 manu
332 1008 451 1060 moriens
464 1008 552 1062 telum
565 1009 667 1076 trahit5
689 1007 743 1063 ossa
756 1009 802 1062 sed
815 1010 886 1063 inter

167 1080 286 1133 Ferreus
299 1078 333 1131 ad
346 1078 430 1131 costas
442 1078 500 1131 alto
513 1078 561 1134 stat
571 1079 686 1142 vulnere
700 1094 807 1135 mucro.

164 1147 287 1203 Labitur
299 1149 450 1219 exanguis:
471 1150 606 1203 labuntur
618 1150 719 1219 frigida
732 1150 809 1203 letho

166 1219 305 1287 Lumina;
327 1236 484 1289 purpureus
497 1220 636 1287 quondam
649 1220 726 1274 color
737 1238 784 1274 ora
796 1219 920 1289 reliquit.

165 1292 247 1344 Tum
261 1290 295 1341 sic
307 1290 448 1360 exspirans
461 1292 567 1344 Aecum
580 1308 615 1343 ex
629 1291 783 1358 aequalibus
797 1309 881 1345 unam
933 1299 988 1348 820

145 1414 156 1426 ,
166 1360 354 1429 Alloquitur3
374 1360 429 1413 lida
441 1372 504 1414 ante
516 1361 583 1414 alias
596 1379 658 1429 quae
673 1362 730 1414 sola
743 1360 882 1427 Camillae,

168 1431 297 1502 Quicum
310 1432 404 1501 partiri
417 1446 516 1498 curas3
535 1442 622 1499 utque
635 1433 697 1485 haec
709 1432 749 1483 ita
764 1431 859 1486 satur:

166 1501 321 1567 Hastenus,
341 1505 419 1554 Acca
433 1502 515 1566 soror,
533 1503 630 1572 potuis
651 1518 723 1555 nunc
736 1500 841 1555 vulnus
853 1503 987 1558 acerbum

168 1570 301 1639 Conficit,
318 1573 474 1627 &tenebris
488 1573 644 1642 nigrescunt
656 1573 748 1625 omnia
760 1573 876 1627 circum.

167 1644 284 1712 Effuge,
300 1644 326 1695 δι
336 1644 395 1697 haec
405 1641 502 1696 Turno
513 1644 641 1697 mundata
651 1642 791 1697 nouissima
801 1644 908 1713 preter:
934 1650 987 1712 823

168 1712 308 1770 Succedat
320 1729 433 1784 pugne,
455 1713 646 1781 Troianosque
659 1726 749 1767 arceat
762 1716 842 1769 urbe.

165 1784 288 1857 {amque
301 1786 374 1839 vale.
389 1785 468 1839 simul
482 1784 524 1838 his
535 1783 616 1840 dietis
629 1785 914 1854 linquebathabenas,

165 1857 218 1912 Ad
232 1869 331 1909 terram
345 1866 398 1909 nun
412 1855 507 1926 sponte
522 1855 620 1910 fluens.
636 1869 697 1910 tum
711 1857 812 1927 frigida
828 1867 888 1910 toto

168 1927 311 1982 Paulatim
323 1927 430 1980 exolvit
445 1927 471 1980 se
486 1943 611 1997 corpore,
632 1928 760 1996 lentaque
773 1928 846 1981 eolla

167 1999 334 2068 Etceptum
347 1998 424 2051 letho
434 1997 526 2066 posuit
539 2009 635 2067 eaput,
656 1999 912 2067 armarelinquens3
935 2003 991 2066 83⁶

166 2068 291 2136 Vitaque
304 2085 369 2121 cum
382 2068 488 2146 gemitu
502 2067 575 2139 fugit
590 2069 730 2138 indignata
744 2070 794 2122 sub
807 2070 930 2124 umbras.
985 2075 987 2079 ’

163 2142 249 2196 'fl'um
261 2140 327 2191 verb
341 2139 488 2199 immensus
502 2137 614 2210 surgens
629 2140 692 2192 serit
706 2156 788 2192 aurea
800 2139 906 2194 clamor

167 2210 284 2276 Sidera-3
306 2209 414 2275 dejectis
427 2209 562 2264 crudesm't
576 2227 669 2282 pugna
684 2209 816 2264 Camillis.

166 2282 318 2336 Incurrunt
331 2281 404 2333 deust
418 2281 497 2333 simul
510 2283 599 2341 omnis
612 2282 693 2356 copia
705 2280 862 2350 Teucrtim,

165 2351 404 2423 Tyrrhemimque
414 2350 509 2417 duces,
524 2351 703 2420 Evandrique
714 2354 840 2407 Arcades
849 2354 912 2409 alae.
936 2359 989 2427 835

205 2427 249 2477 At
261 2423 369 2477 Triviae
383 2421 472 2475 custos
482 2423 540 2487 jam
552 2422 663 2476 dudum
676 2423 703 2475 in
715 2425 857 2479 montibus
870 2427 942 2497 Opis

166 2496 242 2550 Atta
254 2490 329 2546 sedet
342 2493 466 2559 summis,
484 2491 643 2562 spellatque
657 2494 780 2549 interrita
791 2513 897 2567 pugnas
910 2520 916 2549 :

166 2567 266 2633 thue
280 2564 376 2634 procul
390 2563 481 2617 medio
491 2565 631 2629 juvenum
640 2563 668 2616 in
678 2565 797 2618 clamore
808 2567 954 2622 furentum

167 2635 326 2706 Prospexit‚
345 2634 411 2687 tristi
425 2634 572 2688 multatum
585 2647 683 2700 morte,
705 2637 872 2692 Camillam:

167 2707 379 2777 Ingemuitque,
397 2705 529 2773 deditque
540 2707 589 2759 has
602 2709 659 2760 imo
670 2705 781 2777 pestere
791 2723 890 2765 voces:
936 2713 993 2774 840.

168 2781 237 2833 He'u
251 2776 376 2841 nimium,
393 2776 484 2845 virgo,
501 2777 619 2831 nimium
631 2778 743 2830 crudele
756 2778 830 2836 luisti

170 2847 361 2918 Supplicium,
378 2849 505 2900 Teucros
517 2861 615 2900 conata
628 2848 753 2901 lacessere
766 2850 861 2904 bellol

169 2921 232 2974 Nec
246 2918 297 2971 tibi
309 2917 422 2970 desertae
437 2917 464 2969 ln
476 2917 572 2970 dumis
582 2918 693 2971 coluisse
706 2920 824 2974 Dianam

169 2988 294 3053 Profuit,
311 2998 360 3040 aut
371 2988 470 3041 nostras
483 2989 600 3043 humero
615 2989 717 3061 geilisse
728 2992 898 3061 ulturetruse

163 3063 230 3114 Non
243 3070 334 3114 tamen
346 3058 508 3117 indecorem
522 3073 576 3120 tua
587 3074 616 3120 te
629 3063 735 3138 regina
743 3062 873 3133 inussit
896 3059 1044 3181 ωξᾷἔ
