2300 3600
370 363 403 418 Ρ.
424 365 602 439 vinoun
623 360 812 420 nonnius

219 454 328 510 Laurus
340 468 398 510 erat
412 455 477 511 teeti
493 458 585 510 medio
599 457 625 511 in
641 459 828 529 penetralibus
841 456 904 512 altis

184 528 265 579 Sacra
275 544 393 594 comam,
405 527 562 597 multosque
572 542 648 582 metu
660 530 766 583 servata
777 546 932 599 perennes:

184 602 278 682 Qam
293 611 369 667 pater
382 598 531 664 inventam,
548 600 650 669 primas
660 602 725 652 cum
738 601 868 655 conderet
881 616 932 652 aret

183 671 246 739 Ipse
258 669 399 722 ferebatur
409 670 517 724 Phoebo
531 668 642 722 sacrdll'e
657 671 782 736 Latinam,

182 740 382 808 Laurentisque
395 741 430 794 ab
442 738 474 792 eal
487 758 587 794 nomen
600 740 715 811 posuisse
725 740 842 809 colonis.

182 814 277 879 Hujus
290 828 355 881 apes
368 812 507 865 sommum
520 812 621 877 densae,
642 811 782 881 (mirabile
795 811 890 880 dicln)

182 884 305 936 Stridore
318 882 422 951 ingenti
436 882 574 951 liquidum
590 879 662 935 trans
674 882 777 935 aethera
791 882 892 949 vectae,

182 953 322 1006 obsedere
335 954 459 1023 apiccm3
478 955 502 1004 de
518 952 636 1023 pedibus
650 970 699 1023 per
711 965 810 1010 mutua
820 955 900 1006 nexis

181 1024 308 1077 Examen
323 1023 447 1077 subitum
459 1040 535 1075 ramo
551 1023 695 1076 frondente
708 1024 853 1094 pependit.

181 1094 323 1150 Continuo
335 1096 425 1158 'vates
446 1096 602 1147 Externum
615 1094 763 1157 cernimus,
783 1095 884 1161 inquit,

177 1165 344 1219 Adventare
358 1165 460 1231 virum,
478 1167 503 1217 δι
518 1178 610 1235 partes
623 1178 715 1250 petere
730 1182 828 1233 agmen
842 1165 932 1220 easdet

180 1236 311 1290 Partibus
324 1252 357 1287 ex
373 1235 470 1300 isdem,
490 1237 513 1287 de
530 1236 638 1288 summa¹
650 1236 817 1288 dominarier
826 1253 899 1290 arco.

180 1308 328 1373 Praetereai,
348 1307 424 1361 callis
437 1306 529 1361 adolet
543 1307 610 1358 duro
625 1306 721 1359 altaria
734 1307 827 1375 taedis,

180 1379 313 1446 Etjnxta
326 1378 478 1448 genitorem
491 1377 575 1429 adstat
591 1377 706 1429 Lavinia
719 1377 811 1446 virgo,

127 1498 128 1503 ,
180 1450 247 1503 Visa
265 1445 371 1518 (nefas)
391 1448 480 1519 longis
493 1448 690 1513 comprendere
704 1448 827 1504 crinibus
840 1448 929 1518 ignem

181 1521 278 1588 Atque
287 1535 396 1573 omnem
409 1534 536 1573 ornatum
551 1518 663 1578 flatiursla
677 1518 828 1589 crepitante
842 1536 931 1575 crema

171 1591 355 1661 Regalelqne
368 1591 481 1643 accensa
496 1605 598 1652 comen,
613 1590 724 1641 accensa
737 1605 866 1643 coronam

181 1663 318 1731 Inlignem
332 1660 466 1731 gemmis3
486 1671 545 1712 turn
560 1660 668 1719 fumida
681 1660 785 1713 lumine
798 1660 880 1714 fulvo

180 1733 304 1800 Involvi,
324 1752 355 1786 ac
371 1731 435 1784 totis
446 1730 602 1792 Volcanum
616 1732 742 1803 l'pargere
755 1729 847 1783 teclis.

180 1805 217 1871 ld
229 1805 294 1868 verb
308 1803 475 1863 horrendum
488 1819 519 1855 ac
533 1803 595 1855 visu
607 1803 734 1858 mirabile
748 1802 824 1858 ferri.

180 1873 308 1944 Namque
318 1874 376 1939 fore
386 1874 518 1927 illustrem
534 1873 608 1925 lanu
622 1873 739 1941 l'atil'que
750 1875 885 1933 cauebant

181 1946 285 2017 Iplam,
305 1945 352 2001 sed
365 1945 470 2017 populo
485 1961 617 2010 magnum
633 1945 796 2014 portendere
810 1946 930 2000 bellum.

216 2024 258 2072 At
271 2034 319 2071 rex
335 2017 468 2070 sollicitus
482 2015 616 2080 monstris,
637 2015 748 2070 oracula
765 2017 852 2069 Fauni

180 2089 299 2142 Fatidici
312 2087 441 2158 genitoris
455 2087 523 2151 adit,
541 2086 672 2156 lucosque
687 2085 737 2139 sub
750 2084 807 2137 altd

181 2159 308 2213 Consulit
324 2156 476 2212 Albuneel:
494 2174 637 2210 nemorum
648 2175 709 2225 quae
724 2157 845 2216 maxima
857 2159 931 2214 sacro

181 2231 268 2284 Fonte
283 2231 367 2295 l'onat,
384 2230 540 2296 saevamque
554 2228 665 2285 exhalat
681 2230 929 2297 opacantepbium

180 2302 253 2354 llinc
270 2301 347 2354 Italae
361 2313 466 2371 gentes¹
486 2298 627 2366 omnisque
643 2297 772 2355 OEnotria
786 2300 871 2351 tellus

181 2373 214 2424 ln
227 2372 320 2428 dubiis
333 2372 459 2443 relponla
472 2381 586 2441 petunt<
606 2370 660 2422 huc
674 2370 746 2421 dona
759 2370 885 2422 sacerdos

180 2442 255 2496 Cum
266 2442 342 2508 tulit,
359 2442 525 2500 &cael'arum
538 2440 636 2493 ovium
647 2440 696 2493 sub
710 2440 790 2492 nocie
801 2441 890 2494 lilcnti

180 2511 307 2565 Pellibus
320 2513 446 2564 incubuit
461 2512 557 2576 stratis,
579 2512 739 2580 somnosque
754 2511 874 2591 petivit;

178 2581 278 2643 Multa
290 2584 379 2637 modis
393 2584 534 2637 simulacra
548 2581 624 2633 videt
639 2583 784 2636 volitantia
797 2582 874 2634 miris
883 2604 892 2650 3

180 2654 217 2708 Et
232 2653 321 2707 varias
334 2654 412 2706 audit
426 2671 518 2724 voces¹
538 2653 694 2720 srniuuque
708 2654 823 2705 deorum

180 2724 341 2791 Colloqnio‚
360 2736 442 2792 atque
458 2724 518 2779 imis
533 2724 695 2785 Acheronta
707 2726 808 2777 ellatur
822 2724 931 2784 Averni

179 2796 235 2850 ch
251 2795 276 2847 dc
291 2808 351 2848 tum
365 2808 442 2865 pater
455 2795 510 2865 ipse
525 2807 621 2864 petens
634 2795 758 2863 relponla
773 2797 902 2859 LatinuS,

179 2866 301 2926 Centum
314 2866 447 2935 lanigeras
460 2866 597 2918 nunciabat
611 2867 662 2917 rite
678 2865 819 2931 bidente53

176 2941 220 2993 At
243 2954 275 2989 ue
291 2937 388 2990 harum
401 2936 517 2989 ell'ultus
532 2951 609 2992 ter-0
624 2937 763 3004 stratisque
775 2938 888 3001 jacebat

170 2955 353 3064 Velleribus:
364 3009 459 3064 liabita
472 3025 506 3063 ex
522 3007 580 3064 alto
593 3025 651 3061 vox
664 3007 770 3061 reddita
783 3009 848 3062 luco
860 3007 897 3061 est
910 3027 918 3063 a

145 3079 281 3160 Nepete
296 3084 455 3153 connubiis
469 3096 569 3152 oetam
582 3082 688 3143 locine
701 3078 825 3146 bennit„
924 3151 932 3192 p
