2300 3600
193 354 242 402 332
389 331 430 388 P..
443 334 618 389 VlRGILll
640 333 829 388 MARONIS

188 425 341 496 Messapus,
363 427 474 494 teloque
487 440 611 480 orantem
625 428 712 480 multa
726 425 826 479 trabali
920 483 924 489 ,

188 496 250 548 Des
248 497 395 566 nperallus
405 513 476 564 equo
487 500 608 567 graviter
617 497 690 562 serit,
705 509 788 565 atque
800 497 838 548 ita
848 494 934 547 satur:
948 511 993 561 ²95

188 568 249 622 Hoc
264 569 362 620 lmbet:
384 568 444 620 lunc
456 568 552 619 melior
561 569 667 638 mugnis
677 568 741 619 data
751 566 865 618 viclima
878 566 959 619 divis.
979 598 981 602 -

188 637 364 690 Concurrunt
381 638 454 703 ltali,
477 638 648 707 spoliantque
661 638 779 690 calentia
792 637 927 690 membra.

187 707 298 759 Obvius
311 707 465 760 ambulium
479 723 580 759 torrem
595 710 746 778 Corynaeus
759 708 793 760 ab
808 706 854 759 aral

187 775 321 848 Corripit,
344 781 369 830 dc
383 778 503 830 venienti
518 779 611 831 Ebuso
624 780 791 848 plagamque
805 776 904 829 serenti

187 848 315 916 Occupat
329 865 359 899 os
375 847 507 901 llammis:
531 849 580 900 olli
594 851 689 918 ingens
702 850 786 901 barba
800 847 916 913 reluxit,
948 861 995 914 300

185 917 372 985 Nidoremque
386 918 507 969 ambusta
521 918 609 971 dedit.
626 920 707 990 super
719 918 776 988 ipse
789 918 900 970 secutus

187 987 333 1039 Caesariern
348 987 418 1040 laval
434 990 535 1041 turbati
550 989 662 1060 corripit
676 989 769 1053 hostis,

187 1056 374 1127 lmprell'oque
387 1075 457 1127 genu
473 1059 560 1111 nitens
573 1070 652 1111 lenae
665 1057 788 1141 applicat
802 1057 914 1137 ipsum:

187 1127 231 1179 Sic
244 1128 331 1196 rigido
345 1128 417 1180 latus
430 1130 490 1181 euse
506 1128 579 1181 serit.
597 1130 750 1182 Podalirius
764 1129 868 1183 Alsum

187 1198 333 1262 Pallorcm,
354 1199 496 1270 primique
510 1200 567 1251 acie
582 1217 631 1270 per
644 1201 698 1252 tela
709 1195 847 1262 ruentem,
946 1214 991 1267 305

186 1268 257 1323 Ense
272 1267 384 1337 sequeus
398 1270 471 1321 nudo
483 1269 703 1351 superimminet:
726 1270 773 1322 ille
787 1268 875 1321 securi

187 1338 303 1391 Adversr
319 1338 437 1392 frontem
450 1339 569 1392 mediam
585 1352 765 1408 mentumque
778 1337 896 1391 reducti

187 1409 310 1474 Disjicit‚
333 1410 357 1462 δι
372 1409 461 1490 sparso
475 1409 529 1462 tart
543 1411 613 1481 rigat
626 1427 699 1464 arma
712 1427 821 1463 cruore.

187 1478 246 1538 Olli
259 1480 328 1532 dura
341 1479 418 1548 quies
431 1480 527 1532 oculos
542 1482 566 1532 &
583 1480 686 1533 ferreus
699 1493 779 1550 urget

186 1552 303 1602 Somnus
314 1573 320 1616 i
337 1549 363 1603 in
375 1561 503 1604 :eteniam
514 1552 683 1604 clauduntur
695 1551 800 1604 lumina
810 1549 930 1608 nostem.
947 1561 993 1616 310

223 1623 263 1674 At
277 1621 339 1690 pius
353 1622 456 1674 AEucas
470 1621 596 1673 dextram
610 1622 740 1674 tendebat
754 1621 887 1673 inermem

185 1689 298 1744 Nudato
311 1691 411 1761 capite,
433 1702 514 1757 atque
529 1691 590 1743 suos
603 1690 722 1746 clamore
734 1692 866 1744 vocabat.

187 1762 253 1832 Qb
266 1761 366 1814 ruitis?
389 1776 487 1833 quaeve
502 1761 547 1815 iila
561 1767 656 1832 repens
669 1761 806 1815 discordia
822 1761 930 1832 surgit?

185 1834 211 1883 0
225 1832 352 1884 cohibete
366 1833 434 1887 irus!
458 1831 544 1886 iilum
555 1833 613 1898 jam
627 1833 730 1896 soedm,
753 1834 779 1884 δι
793 1849 890 1886 omnes

186 1903 351 1971 Conrpnlitae
366 1904 457 1974 leges:
480 1903 548 1957 milii
560 1904 606 1968 jus
619 1918 780 1956 concurrere
795 1903 862 1954 soli:
948 1916 992 1970 315

186 1976 236 2025 lllc
250 1975 336 2039 sinite,
351 1985 433 2041 atque
447 1973 554 2025 auserte
567 1985 667 2025 metus.
683 1990 735 2043 ego
750 1973 856 2025 soedera
871 1973 936 2024 saxo

186 2044 277 2101 lirma
290 2063 371 2098 mmm
385 2066 391 2096 :
408 2045 538 2096 Turnum
548 2045 605 2113 jam
617 2044 717 2097 debent
728 2045 788 2098 ltaec
802 2043 872 2096 mihi
883 2044 966 2097 sacra.

186 2118 243 2167 llas
257 2115 326 2167 inter
337 2131 429 2177 vuceS,
450 2113 540 2167 media
553 2115 623 2166 inter
636 2114 702 2166 talia
713 2115 811 2179 verba,

184 2184 258 2237 Ecce
273 2185 331 2236 viro
346 2185 455 2237 llriilens
469 2184 519 2235 alis
532 2183 635 2254 allapsa
649 2184 747 2254 sagitta
759 2184 807 2248 est,

185 2256 325 2306 Incertum
336 2253 391 2322 qua
402 2253 480 2323 pulsa
494 2271 587 2319 manu,
603 2272 657 2323 quo
670 2255 780 2307 turbin'e
793 2253 909 2324 adac‘la3
948 2268 995 2325 320

185 2325 257 2401 Qis
271 2337 373 2377 tautam
385 2323 499 2378 Rutulis
512 2325 623 2377 laudem
636 2325 746 2377 casusne
759 2325 863 2379 deusne

186 2395 436 2518 Attuleritgrella
449 2394 485 2447 est
501 2394 608 2465 insignis
620 2395 708 2465 gloria
720 2395 805 2461 sacli5

183 2466 242 2522 Nec
257 2463 311 2516 sese

220 2537 344 2598 lurum.
365 2547 396 2587 ut
411 2538 518 2590 AEuean
532 2535 675 2593 cedentem
688 2553 751 2588 exa
772 2536 943 2604 minc'vidit‚

183 2605 380 2672 Turbatosque
394 2605 489 2671 (luces¹
510 2605 601 2658 subita
616 2605 660 2676 spe
672 2553 796 2660 fervidus
810 2608 907 2660 ardet:
950 2623 993 2676 ³²5

185 2674 277 2727 Poscit
290 2692 385 2742 equos,
402 2687 483 2742 atque
494 2693 567 2728 arma
582 2676 669 2742 sunul,
686 2676 812 2744 saltuque
827 2678 962 2747 superbus

184 2745 294 2799 Emicat
308 2746 334 2796 iu
349 2762 470 2810 currum,
493 2748 518 2798 lic
533 2747 659 2798 manibus
673 2747 787 2798 molitur
800 2748 934 2803 habenas.

184 2815 282 2874 Mrtlta
292 2814 383 2867 virtlm
396 2816 516 2868 volitans
528 2817 575 2868 dat
590 2815 671 2870 sortia
683 2833 798 2887 corpora
810 2818 890 2873 letho
903 2839 910 2875 ι

182 2885 339 2938 senuneces
352 2885 442 2937 volvit
457 2887 569 2951 multos,
590 2899 637 2938 aut
650 2888 759 2956 agmina
772 2904 857 2941 curru

175 2959 311 3028 Prolem,
335 2970 383 3013 aut
397 2969 492 3029 ramae
504 2956 679 3026 largientium
685 2957 786 3024 ingerit
797 2958 896 3013 hallas.
950 2971 996 3028 330

169 3034 278 3118 Qalr's
291 3033 375 3115 apud
390 3031 484 3112 gelidi
497 3030 566 3089 clun
579 3026 701 3087 tintinna
708 3025 935 3082 cuncrtuetlentx

367 2482 423 2517 neae
435 2464 551 2529 jactavit
564 2466 679 2522 vulnere
697 2465 854 2534 quisquam.

959 3093 1027 3142 &aaa
