2300 3600
329 381 518 439 AENEIDOS
539 378 616 436 Lm
637 379 693 436 IX.
716 387 720 398 '
874 374 927 435 161

118 472 224 545 'nsuper
235 472 289 540 his,
308 476 399 547 campi
412 475 483 544 qaod
496 484 545 527 rex
559 474 644 528 habet
657 473 715 544 ipse
729 471 855 527 Latinus.

118 547 150 598 Fe
164 546 241 611 vero,
260 562 321 599 mea
334 563 418 614 quem
430 546 523 616 spatiis
537 545 713 616 propioribus
727 556 793 597 retas
873 559 904 609 27
908 558 926 611 ς

118 616 277 683 'nsequitun
296 617 450 670 venerande
463 631 542 686 puer,
561 619 620 681 jam
635 615 746 686 pestere
759 625 819 668 toto

118 688 241 756 lecipio,
258 688 283 739 δι
297 688 429 740 comitem
441 687 520 739 casus
533 686 706 757 compleslor
717 686 745 739 in
760 701 865 739 omnes.

118 758 195 810 sulla
207 757 276 810 meis
288 758 340 810 sme
354 770 381 811 te
394 769 534 826 quaeretur
546 758 634 827 gloria
646 759 747 824 rebus,

118 831 163 880 {eu
177 844 285 897 pacem,
304 829 350 881 seu
364 829 439 881 bella
452 844 564 899 geram3
586 828 637 880 tibi
651 828 773 881 maxima
784 842 877 880 rerum

118 899 320 966 serborumque
332 899 411 953 fides»
434 899 538 952 Contra
551 914 635 967 quem
648 899 714 952 talia
726 899 802 952 fatur
873 902 927 950 280

118 969 262 1037 Euryalus:
286 971 337 1022 Me
351 969 428 1022 nulla
440 970 498 1023 dies
512 981 569 1022 tam
582 968 702 1024 sortibus
714 971 784 1023 ausis

118 1039 272 1093 >iffimilem
284 1040 420 1110 arguerit:
442 1043 550 1093 tannim
563 1039 675 1092 fortuna
687 1040 817 1107 secunda,

118 1110 192 1163 laud
205 1110 319 1163 adversa
331 1111 423 1164 cadatr
444 1111 491 1163 sed
504 1122 531 1162 te
543 1110 625 1180 super
636 1111 729 1164 omnia
739 1111 811 1164 dona

118 1184 130 1233 l
134 1198 203 1233 num
215 1197 279 1234 oro:
302 1182 427 1251 genetrix
443 1182 544 1235 Priami
557 1182 591 1234 de
604 1192 686 1250 gente
699 1180 819 1234 vetusti·

118 1252 152 1304 3st
166 1252 246 1316 mihi,
263 1270 347 1320 quam
360 1253 485 1322 miseram
498 1252 587 1304 tenuit
600 1269 654 1304 non
667 1251 721 1305 Ilia
734 1250 818 1303 tellus
872 1258 904 1305 28
908 1267 924 1322 ς

118 1325 226 1375 »lecum
238 1323 429 1388 excedentem,
446 1340 500 1376 non
513 1321 615 1375 moenia
627 1323 699 1392 regis
713 1320 832 1375 Acestae.
894 1369 896 1374 .

118 1396 187 1446 lanc
195 1409 245 1462 ego
255 1409 326 1445 nunc
337 1394 459 1464 ignaram
467 1393 552 1459 hujus
562 1394 758 1460 quodcumque
767 1390 863 1461 pericli
874 1391 924 1459 ell,

121 1470 195 1531 nque
209 1464 354 1516 salutatam
368 1466 481 1532 linqu03
504 1479 558 1516 nox
574 1464 600 1516 δι
614 1476 662 1515 tua
674 1463 748 1515 tellis

118 1535 242 1600 iextera,
257 1535 332 1602 quod
345 1551 480 1603 nequeam
492 1534 626 1603 lacrymas
639 1533 763 1604 perferre,
793 1531 903 1586 arentis.

118 1607 148 1658 lt
161 1618 205 1670 tu,
222 1621 281 1670 oro,
299 1604 384 1658 solare
398 1605 519 1676 inopem,
538 1607 563 1658 δι
578 1605 705 1657 succurre
717 1604 767 1657 reli
799 1621 832 1658 ae.
873 1617 925 1671 290

118 1680 187 1728 lanc
201 1676 254 1728 sme
267 1692 310 1728 me
321 1676 396 1747 spem
410 1675 481 1728 serre
494 1676 551 1729 tui:
571 1675 776 1730 audentioribo

118 1749 139 1799 'n
153 1746 233 1800 casus
244 1754 349 1800 omnes.
371 1745 499 1818 percussit
512 1759 603 1800 mente
616 1747 754 1800 dederunt

118 1818 274 1870 Jardanidae
288 1819 437 1887 lacrymas:
458 1830 520 1871 ante
533 1834 628 1870 omnes
641 1818 759 1888 pulcher
771 1816 868 1873 liilus:

118 1891 205 1956 itque
217 1890 341 1942 animum
353 1889 449 1959 patriae
463 1889 569 1943 strinxit
583 1890 695 1960 pietatis
707 1888 811 1959 imago.

141 1961 220 2012 Tum
234 1961 268 2013 sic
281 1961 398 2012 effatur:
873 1973 926 2027 295

118 2030 236 2099 ipondeo
245 2031 329 2100 digna
343 2031 397 2084 tuis
410 2030 568 2100 ingentibus
582 2031 674 2102 omnia
686 2029 798 2100 coeptis.

118 2102 234 2168 iamque
247 2103 298 2153 erit
312 2101 359 2154 ista
371 2102 440 2154 mihi
454 2102 590 2171 genetrix,
609 2117 763 2168 nomenque
778 2098 888 2153 Creiisae

118 2171 205 2223 lolum
218 2171 358 2238 defuerit3
380 2187 429 2224 nec
443 2184 553 2243 partum
566 2172 654 2241 gratia
666 2173 751 2224 talem

118 2243 195 2293 ’arva
207 2255 315 2310 manet3
337 2243 415 2296 casus
429 2241 535 2295 saslum
549 2244 718 2310 quicumque
733 2243 894 2310 sequuntur,

118 2314 158 2364 ’er
171 2326 255 2382 caput
269 2314 321 2366 hoc
332 2314 406 2379 juro,
415 2331 473 2384 per
483 2313 558 2382 quod
572 2324 650 2383 pater
662 2313 724 2365 ants
735 2312 849 2378 solebat,
872 2325 925 2379 300

118 2384 180 2454 Qae
193 2384 245 2435 tibi
259 2384 393 2454 polliceor
404 2386 498 2437 reduci
511 2385 647 2451 rebusque
659 2384 797 2450 secundis,

118 2456 176 2506 laec
189 2454 285 2507 eadem
299 2457 434 2523 matrique
448 2467 504 2508 tuae
517 2455 665 2525 generique
679 2454 840 2508 manebunt,
903 2476 908 2487 ·

118 2523 151 2577 iic
164 2524 203 2577 ait
217 2526 406 2595 illacrymans:
429 2526 545 2584 humero
558 2526 638 2578 fimul
651 2526 731 2579 exuit
743 2525 835 2578 ensem

118 2597 258 2661 iuratum,
277 2595 345 2648 mira
359 2613 440 2664 quem
454 2596 557 2650 fecerat
569 2606 627 2648 arte
641 2597 753 2666 Lycaon

118 2665 239 2732 tronus,
260 2678 343 2734 atque
356 2667 478 2720 habilem
491 2666 592 2737 vaginis
604 2665 713 2736 aptirat
725 2665 841 2721 eburna.
871 2683 922 2739 305

118 2738 161 2790 lat
176 2737 242 2789 Niso
256 2738 417 2790 Mnestheus
433 2738 535 2808 pellem
550 2737 738 2806 horrentisque
753 2738 840 2791 leonis

118 2808 250 2874 lxuvias;
270 2809 377 2878 galeam
390 2809 462 2861 fidus
475 2819 614 2879 permutat
630 2807 737 2862 Aletes.

118 2878 233 2930 ’rotinus
245 2879 342 2931 armati
356 2879 504 2932 incedunt:
527 2895 596 2946 quos
608 2878 697 2930 omnis
709 2889 807 2931 euntes

118 2949 259 3001 'rimorum
272 2966 368 3002 luanus
381 2951 415 3002 ad
430 2962 522 3019 portas
531 2951 725 3017 juvenumque
739 2950 889 3017 senumque

118 3019 281 3086 'rosequitur
294 3022 384 3073 votis:
404 3037 454 3072 nec
467 3037 522 3074 non
534 3022 561 3074 δι
575 3019 696 3092 pulclter
707 3020 808 3079 sutus,
880 3032 938 3077 zm

118 3098 176 3155 late
186 3105 271 3145 annos
282 3091 466 3166 animumque
482 3108 585 3168 gerens
594 3105 759 3158 curamque
767 3084 981 3196 t'mxerglxpw
