2300 3600
166 424 215 475 ψ
354 408 387 463 Ρ.
409 405 587 463 VIRGILII
607 406 796 463 MARONIS
827 445 830 452 .

154 498 211 558 -Bis
224 498 334 572 Stygios
345 500 437 555 innare
450 501 537 567 lacus,
555 500 599 555 bit
611 500 688 571 nigra
700 500 797 555 videre
898 553 904 562 ,

161 570 296 641 Tartara;
312 573 337 625 dr
351 572 444 626 insano
454 572 536 639 juvat
550 572 692 643 indulgere
706 572 813 638 labori;
933 589 952 639 ι,

164 642 284 714 Accipe,
300 660 363 712 quae
375 645 530 715 peragenda
544 643 632 726 prius.
649 643 716 697 latet
729 643 829 698 arbore
840 639 929 715 opeol

165 713 317 774 Aureus&
330 713 405 767 soliis
419 716 445 768 δι
458 715 534 768 lento
548 715 651 768 vimine
663 731 767 779 ramus,
898 765 903 775 ,

163 783 267 852 Junoni
280 784 393 838 insernae
407 784 499 839 dictus
512 786 601 853 sacer:
617 785 692 838 hunc
706 786 776 855 tegit
788 782 880 838 omnis

165 854 271 921 Lucus,
287 856 312 908 ὅσ
322 855 447 910 obscuris
459 857 596 910 claudunt
607 856 786 909 convallibus
794 856 914 913 umbre.

164 925 220 978 Sed
233 942 287 990 non
298 924 362 981 ante
374 926 458 980 datur
470 927 579 980 telluris
590 938 687 998 operta
697 927 800 992 subire,
892 975 896 985 .
935 941 952 984 r.

165 994 334 1050 Auricomos
344 999 429 1065 quum
439 998 501 1066 quis
513 998 680 1069 decerpserit
689 999 786 1051 arbore
797 996 898 1053 soerut.

166 1068 227 1118 Hoc
241 1066 290 1120 fibi
303 1067 422 1139 pulchra
434 1069 514 1122 suum
527 1068 593 1122 serri
608 1067 767 1138 Proserpina
779 1084 884 1125 munuc
945 1075 948 1080 '

166 1135 298 1192 Instituit.
315 1138 406 1209 primo
418 1139 515 1193 avulso
529 1157 583 1192 non
594 1138 687 1192 deficit
700 1140 771 1193 alter

167 1207 296 1275 Aureus3
314 1210 338 1263 δι
354 1208 432 1264 simili
446 1208 596 1264 frondescit
609 1210 689 1280 virga
701 1210 828 1267 metallo.

167 1277 241 1348 Ergo
253 1278 310 1333 alte
323 1280 427 1351 vestiga
438 1280 539 1346 oculis,
558 1282 585 1334 δι
599 1282 650 1334 rite
663 1278 806 1352 repertum
845 1318 847 1322 -
936 1296 952 1336 r·

168 1348 260 1420 Carpe
268 1368 367 1404 manu:
380 1368 497 1421 namque
505 1352 562 1422 ipse
570 1353 668 1406 volens
677 1352 822 1421 facilisque
831 1352 952 1423 sequetur

168 1419 198 1473 Si
211 1432 238 1492 te
252 1420 310 1475 sata
322 1434 439 1489 vocant3
460 1423 550 1489 aliter,
565 1440 620 1475 non
630 1422 736 1476 viribus
747 1422 815 1476 ullis

168 1490 297 1558 Vincere,
312 1507 362 1546 nec
372 1493 442 1547 duro
453 1494 555 1564 poteris
568 1493 726 1547 convellere
737 1494 822 1548 ferro.
894 1494 900 1509 ¹

169 1561 306 1618 Praeterea
315 1564 390 1630 jacet
403 1564 563 1619 exanimum
576 1563 628 1617 tibi
640 1580 742 1636 corpus
754 1563 851 1632 amici,

171 1635 252 1701 (Heu
261 1635 362 1703 nescis)
381 1645 522 1704 totamque
533 1634 644 1689 incestat
658 1634 753 1688 sunere
766 1634 894 1698 classem
937 1650 952 1700 t,

171 1705 249 1758 Dum
257 1705 383 1759 consulta
392 1705 473 1775 petis,
488 1706 630 1774 nostroque
644 1705 671 1758 in
685 1706 779 1770 limine
793 1707 909 1776 pendes.

171 1775 291 1830 Sedibus
300 1777 374 1831 hunc
388 1776 460 1829 reser
471 1776 534 1831 ante
548 1776 614 1841 suis,
627 1778 653 1829 dc
664 1776 751 1831 conde
762 1776 902 1849 sepulcro.

172 1846 236 1901 Duo
248 1848 336 1918 nigras
347 1845 482 1918 pecudes:
505 1864 537 1901 ea
545 1848 638 1920 prima
650 1847 761 1919 piacula
775 1848 868 1904 sunto.
905 1900 908 1909 ,

174 1916 218 1970 Sic
229 1919 342 1973 demum
356 1919 434 1970 lucos
443 1920 554 1988 Stygios
566 1935 650 1988 regna
663 1920 738 1972 invia
750 1919 826 1973 vivis

173 1988 313 2060 Aspicies.
329 1989 413 2054 dixit,
430 1989 571 2059 pressoque
585 1990 728 2044 obmutuit
740 2007 800 2044 ore.
937 2004 952 2052 r¹

207 2065 311 2118 AEneas
324 2060 419 2113 rrioesto
432 2060 541 2114 defixus
554 2060 660 2115 lumina
672 2061 755 2114 vultu

169 2132 342 2202 ingreditur,
360 2130 486 2199 linquens
499 2143 628 2199 antrum3
645 2132 791 2199 caecosque
800 2130 913 2188 volutet

174 2203 301 2257 Eventus
311 2200 401 2254 animo
412 2202 515 2255 secum.
534 2203 580 2255 cui
593 2203 666 2256 fidus
677 2204 801 2258 Achates

174 2274 202 2326 lt
212 2289 314 2337 comes,
334 2274 359 2325 δι
392 2274 485 2326 aribus
499 2273 571 2326 curis
586 2273 698 2344 vestigia
711 2273 782 2344 figit.

176 2344 271 2397 Multa
283 2343 353 2395 inter
374 2343 416 2396 ese
428 2343 504 2396 vario
515 2345 636 2399 sermone
648 2345 790 2400 serebant:
942 2359 951 2397 i

177 2415 272 2494 Qem
285 2413 389 2467 socium
402 2415 558 2468 exanimem
571 2429 660 2481 vates,
677 2415 752 2483 quod
766 2432 871 2488 corpus
884 2416 952 2472 hutu'

177 2485 302 2538 Diceret.
321 2497 403 2552 atque
417 2486 459 2538 illi
471 2486 612 2545 Misenum
626 2486 653 2540 in
665 2486 745 2541 litore
756 2487 838 2552 sicco,
912 2485 952 2557 [dt

177 2557 217 2608 Ut
231 2555 340 2620 venere,
355 2555 451 2609 vident
464 2556 578 2629 indigni
591 2571 678 2611 morte
693 2570 891 2630 peremptum

177 2626 318 2680 Misenum
327 2626 475 2683 AEoliden:
493 2645 547 2697 quo
558 2645 611 2681 non
622 2629 793 2700 praestantior
803 2628 878 2684 alter

176 2700 245 2754 AEre
255 2696 326 2750 ciere
340 2698 425 2762 viros,
444 2700 622 2767 Martemque
635 2699 784 2752 accendere
793 2714 894 2755 cantu.
948 2715 952 2750 t

178 2766 306 2822 liestoris
320 2767 364 2820 hic
378 2769 467 2837 magni
483 2769 571 2823 suerat
585 2787 688 2836 comes,
708 2768 829 2824 Hestora
840 2770 946 2827 circum

177 2840 214 2894 Et
229 2838 300 2890 lituo
313 2854 418 2906 puffnas
433 2839 542 2910 insignis
555 2840 651 2893 obibat
667 2843 692 2893 δι
706 2838 800 2894 hastis:

177 2910 323 2976 Postquam
338 2881 418 2965 ilium
431 2910 491 2961 vna
504 2909 595 2967 vietor
607 2910 737 2980 spoliavit
752 2910 895 2980 Achilles,

170 2980 317 3039 Dardanio
326 2983 426 3039 AEneae
441 2981 495 3034 sese
509 2981 667 3035 fortissimus
680 2982 761 3036 heros

159 3053 332 3109 Addiderat
348 3053 472 3118 socium,
488 3051 823 3109 noninseriorasecutux.

150 3128 213 3182 Sed
224 3139 305 3200 tum,
320 3127 402 3190 forte
419 3125 497 3184 cavit
509 3127 584 3182 dum
595 3119 952 3241 personateouottmg
