2300 3600
328 342 337 416 J
397 329 586 408 AENEIDOS
607 331 755 386 LIB.V1.
917 344 923 354 ·’
941 346 992 397 2⁰7

171 424 316 479 seclusum
331 440 437 490 nemus,
455 426 480 477 dc
491 421 613 496 'virgulta
623 424 744 481 sonantia
754 420 849 493 sylvis,
942 441 996 489 704

172 497 386 563 Lethaeumque,
401 496 498 565 domos
508 495 631 565 placidas
640 495 686 563 qui
698 506 842 565 prauam,
854 510 973 546 amnem.

171 570 196 620 H
201 584 255 618 unc
266 565 371 621 circum
382 567 531 619 innumerae
545 578 651 635 gentes,
666 565 820 636 populique
831 565 975 618 volabant.

172 640 217 694 Ac
229 637 321 689 veluti
333 637 360 688 in
369 638 463 708 pratis,
479 636 528 689 ubi
539 653 604 707 apes
615 638 705 694 aestate
716 634 808 707 serenti
880 644 883 652 '

172 709 305 760 Floribus
316 707 433 760 insidunt
444 708 537 773 variis,
557 709 582 759 dc
596 706 713 761 candida
723 707 828 759 circum

171 780 245 833 Lilia
258 778 431 831 funduntur:
453 778 545 848 strepit
557 778 648 833 omnis
660 773 800 833 murmure
813 793 940 849 campus.

171 849 314 907 Horrescit
327 849 389 901 visu
404 848 506 916 subito,
520 847 669 918 causasque
681 849 796 916 requirit
941 864 992 915 710

172 920 280 974 inscius
290 924 403 987 AEneas,
418 937 480 988 quae
494 920 547 1043 (ΜΞ
557 935 590 971 ea
604 918 718 971 flumina
731 919 823 993 porri),

170 991 268 1116 &pire
283 990 335 1044 viri
349 1002 424 1043 tanto
437 990 531 1062 compi
549 991 603 1042 rint
616 990 723 1059 agmine
735 989 818 1061 ripas.

201 1080 250 1115 um
265 1073 342 1130 pater
355 1061 503 1114 Anchises:
524 1061 645 1122 Animae,
661 1061 763 1128 quibus
775 1062 861 1115 altera
874 1063 933 1116 sato

172 1134 298 1204 Corpora
309 1133 456 1198 debentur,
473 1131 580 1186 Lethaei
594 1132 628 1183 nd
644 1132 766 1184 fluminis
780 1134 882 1186 undam

172 1206 291 1262 Securos
305 1202 399 1258 latices
416 1204 442 1255 dc
454 1202 537 1273 longa
550 1202 656 1256 oblivia
670 1214 777 1275 potant.
942 1222 971 1270 71
977 1222 992 1273 ς

171 1276 230 1328 Has
238 1274 368 1341 equidem
376 1289 527 1332 memorare
538 1273 588 1326 tibi
598 1285 680 1341 atque
689 1273 826 1325 ostendere
835 1275 939 1339 corum,

169 1345 344 1415 Jampridem
358 1344 427 1397 hanc
440 1344 545 1415 prolem
559 1344 643 1416 cupio
656 1360 815 1397 enumerare
829 1361 972 1400 meorum:

171 1416 239 1486 Qb
252 1415 341 1485 magis
356 1413 437 1467 ltalia
450 1430 559 1469 mecum
573 1414 666 1467 laetere
680 1412 798 1484 repertis.

170 1488 197 1539 0
228 1498 297 1550 ater,
312 1502 380 1537 anne
390 1485 495 1554 aliquas
505 1486 540 1537 ad
550 1484 655 1538 coelum
667 1484 729 1536 hinc
743 1485 781 1538 ire
793 1485 947 1557 putandum
958 1473 995 1537 esi

171 1504 312 1611 Sublimes
322 1556 434 1620 animas,
450 1555 606 1623 iterumque
618 1556 653 1607 ad
667 1556 744 1607 tarda
754 1556 856 1609 reverti
945 1572 997 1623 720

172 1630 297 1698 Corpora
308 1636 316 1678 t
332 1644 393 1695 quae
408 1626 479 1679 lucis
492 1626 597 1681 miseris
610 1637 666 1677 tam
679 1626 739 1678 dira
751 1628 854 1698 cupido
866 1634 874 1679 ,θ

171 1700 273 1759 Dicam
281 1698 425 1767 equidem;
442 1713 491 1750 nee
505 1709 532 1749 te
546 1695 715 1767 suspensum,
731 1711 802 1763 nate,
818 1700 935 1753 tenebo:

173 1769 296 1841 Suscipit
311 1769 463 1836 Anchises;
484 1779 566 1837 atque
580 1768 674 1821 ordine
689 1768 791 1838 singula
804 1769 911 1839 pandit.

192 1840 349 1910 xPrincipio
359 1840 464 1893 coelum
477 1856 507 1893 ac
519 1852 614 1903 terras,
630 1839 795 1910 camposque
810 1841 959 1907 liquentes,

172 1914 382 1982 Lucentemqne
396 1911 513 1981 globum
527 1910 794 1980 lttnae‚-Tita11iaque
805 1912 872 1965 asira
945 1931 977 1978 72
981 1929 997 1981 ς

174 1985 294 2055 Spiritus
307 1983 380 2034 intus
393 1982 453 2045 alit,
469 1991 611 2054 totumque
625 1980 714 2032 infusa
728 1996 777 2053 per
789 1993 864 2035 artus

173 2056 258 2119 Mens
272 2054 359 2122 agitat
372 2053 484 2117 molem,
505 2053 530 2104 dc
545 2069 644 2122 magno
659 2052 684 2104 se
699 2068 812 2122 corpore
826 2051 931 2106 miscet.

171 2123 601 2193 indehominumpecudumque
629 2124 995 2192 enus‚vitaequevolnntum,

173 2195 210 2253 Et
225 2213 289 2263 quae
301 2210 454 2248 marmoreo
469 2193 522 2247 sert
536 2140 651 2246 m'onsira
665 2193 715 2244 sub
730 2209 839 2260 aequore
852 2207 964 2264 pontus.

173 2267 277 2336 Igneus
289 2266 326 2318 esi
339 2263 401 2316 ollis
415 2264 505 2334 vigor,
527 2265 552 2316 δε
567 2263 682 2318 coelestis
696 2263 772 2335 origo
946 2283 958 2329 7
965 2283 997 2331 30

174 2337 343 2399 Seminibus,
358 2348 493 2402 quantum
508 2353 561 2386 nou
574 2334 657 2386 noxia
673 2352 787 2405 corpora
801 2335 919 2397 tardant,

119 2404 129 2410 ’
172 2409 345 2475 Terrenique
355 2407 486 2461 hebetant
499 2415 585 2471 artur,
601 2406 821 2474 moribundaque
832 2409 966 2469 membra.

172 2475 245 2532 Hinc
254 2478 392 2542 metuunt,
402 2475 519 2549 cupiunt
541 2493 587 2543 ue3
596 2476 701 2540 dolent,
709 2479 895 2547 gaudentque5
906 2496 995 2545 neque

173 2549 338 2620 Despiciunt
349 2544 448 2601 clausae·
463 2494 583 2601 tenebris
598 2548 623 2600 ἀ
637 2563 744 2599 carcere
757 2564 843 2600 caeco.
901 2552 997 2613 [auras

173 2620 251 2696 Qin
267 2621 293 2673 dc
307 2622 434 2691 supremo
448 2621 513 2671 etim
528 2618 632 2671 lumine
647 2617 705 2669 vita
718 2619 841 2686 reliquit,
943 2638 955 2684 7
962 2639 974 2684 3
979 2637 994 2687 5

172 2693 235 2751 Non
245 2701 336 2743 tamen
344 2687 538 2745 omnemalum
550 2688 664 2753 miseris,
679 2705 728 2741 nec
739 2689 864 2742 funditus
872 2706 967 2743 omnes

172 2764 321 2832 Corporeae
334 2760 474 2816 excedunt
489 2760 588 2829 pestes:
607 2760 770 2828 penitusque
781 2761 882 2813 necesse
893 2762 930 2813 est

172 2832 271 2890 Multa
284 2830 332 2885 diu
346 2841 473 2884 concreta
486 2830 574 2882 modis
588 2829 734 2881 inolescere
748 2831 834 2884 miris.

172 2906 246 2974 Ergo
259 2913 423 2956 exercentur
436 2900 536 2973 poenis,
555 2913 738 2966 vetemmque
752 2902 889 2956 malorum

171 2973 316 3044 Suppiicia
329 2971 502 3047 expendunt.
522 2971 759 3042 aiiae'pandnntur
773 2973 873 3024 inanes
950 2986 1011 3032 w).

169 3043 311 3122 suspensa
322 3043 357 3097 ad
372 3053 483 3098 ventos:
499 3042 563 3097 asiis
578 3042 631 3098 sub
647 3043 765 3126 gurgite
778 3043 862 3107 rabo

512 3117 575 3179 Ta
722 3124 724 3127 ’
883 3105 1045 3168 Xn‘ifflw

201 3240 223 3279 β
