2300 3600
176 372 227 437 stt
378 363 412 419 r.
432 361 608 417 vrnonn
629 343 818 416 nnnonis

177 461 271 513 Limes
282 473 348 528 agro
360 455 473 528 positus,
491 455 570 509 litem
582 466 615 507 ut
627 453 794 508 discerneret
807 451 901 508 misr

175 531 234 583 Vix
247 529 320 584 illud
332 527 397 581 leeli
409 527 453 580 bis
467 526 512 578 sex
525 525 633 578 cervice
648 525 781 592 subirem,

178 599 283 670 Qalia
295 615 367 652 nnnc
379 597 522 650 hominum
535 595 664 666 producit
678 612 794 666 corpora
806 594 911 662 tellum
940 611 958 662 qt

178 671 232 726 Ille
246 687 328 723 manu
339 681 450 739 raptum
463 664 571 736 trepidi
584 667 731 734 torquebat
746 667 774 719 in
785 667 892 720 nostem

179 740 275 794 Altior
286 738 436 808 insurgens,
451 738 478 790 dc
488 737 569 790 cursu
583 737 707 789 concitus
717 737 810 790 heros.

143 850 148 860 .
177 809 234 862 Sed
247 825 334 878 neque
346 817 500 862 currentem
512 807 549 872 se,
566 823 615 860 nec
629 807 770 877 cognoscit
781 817 910 872 euntem,

178 877 765 945 Tollentemvernanu,saxumqueimmane
775 889 945 932 moventem.

179 949 280 1003 Genua
289 950 393 1014 labent,
407 948 518 1020 gelidus
528 947 670 1001 concrevit
684 948 786 1017 frigore
799 947 923 1020 inriguis.
944 967 957 1018 q

177 1021 257 1074 Turn
267 1020 338 1092 lapis
349 1019 407 1090 ipse
419 1019 483 1086 viri,
497 1034 618 1072 vacuum
632 1034 681 1089 per
693 1019 772 1071 inane
783 1018 913 1086 volutus,

177 1091 238 1146 Nec
248 1090 366 1162 spatium
378 1089 463 1142 evafit
476 1099 578 1153 totum,
591 1105 639 1141 nec
652 1089 768 1159 pertulit
782 1087 885 1144 illum.

216 1162 261 1214 Ac
274 1161 354 1214 velut
366 1160 394 1214 in
407 1159 516 1225 somnis,
533 1159 630 1212 oculos
642 1160 690 1212 ubi
704 1158 839 1230 languida
853 1159 943 1230 prellit

178 1227 269 1285 Nofte
282 1231 368 1300 quies,
386 1230 568 1298 nequicquam
581 1229 677 1284 avidos
690 1229 842 1284 extendere
857 1229 951 1285 cursus

179 1300 260 1354 Velle
271 1302 411 1366 videmur,
425 1302 453 1353 tlt
467 1301 495 1353 in
502 1301 599 1354 mediis
609 1301 755 1354 conatibus
770 1302 841 1370 aegri
945 1319 958 1370 9

179 1373 372 1439 succidimus3
392 1388 446 1425 non
458 1371 553 1441 lingua
565 1372 651 1436 valet,
669 1389 724 1426 non
737 1388 858 1442 corpore
872 1382 944 1426 notae

180 1441 326 1496 Sufficiunt
337 1441 421 1507 vires,
439 1458 490 1495 nec
501 1459 558 1495 vox
571 1453 620 1494 ant
633 1443 718 1494 verba
731 1441 908 1510 sequuntur:

177 1513 225 1565 Sic
233 1514 341 1578 Turno,
351 1511 525 1583 qudcumque
533 1513 608 1566 viam
618 1512 720 1565 virtute
730 1513 848 1582 petivit,

179 1583 338 1638 Successum
349 1584 402 1636 dea
413 1583 472 1636 dira
484 1600 518 1636 ne
538 1594 576 1637 at.
595 1593 656 1636 turn
669 1582 781 1653 pectore
795 1583 895 1639 sensus

178 1653 333 1708 Vertuotur
344 1654 424 1708 varii.
443 1599 567 1708 Rutulos
579 1651 699 1724 aspedlat
711 1655 736 1708 δι
746 1653 862 1721 urbem,
946 1675 959 1726 q

179 1723 388 1792 cunctaturque
397 1739 484 1793 metu,
497 1725 640 1792 telumque
650 1724 744 1777 inllare
758 1725 910 1780 tremiscit.

177 1795 237 1848 Nec
251 1796 306 1865 quo
317 1796 344 1849 se
356 1796 464 1867 eripiat,
481 1812 530 1849 nec
544 1793 598 1868 quir
609 1795 639 1847 vi
652 1795 747 1848 tendat
760 1796 789 1848 in
800 1796 920 1867 holtein,

176 1867 236 1919 Nec
250 1882 345 1919 currus
358 1867 473 1935 usquam
485 1866 563 1920 videt
575 1866 734 1936 aurigamve
749 1867 887 1923 sororem.

179 1937 328 1990 Cundtanti
339 1939 426 1990 telum
438 1940 541 1991 AEneas
554 1937 637 1991 fatale
650 1937 788 2002 coruscat,

178 2009 297 2061 Sortitus
311 2008 449 2061 fortunam
461 2008 567 2073 oculis3
589 2009 614 2060 u
628 2025 740 2076 corpore
755 2020 817 2061 toto
947 2030 959 2080 9

177 2077 294 2131 Eminits
307 2080 455 2146 intorquet.
473 2080 572 2131 murali
585 2079 691 2130 concita
703 2096 851 2145 nunqnam

175 2149 331 2202 Tormento
344 2150 378 2201 lic
393 2150 456 2202 saxa
470 2149 600 2215 fremunt,
619 2165 666 2201 nec
681 2148 798 2201 l'nlniine
814 2151 887 2205 tanti

176 2219 327 2272 Dillnltnnt
341 2222 472 2291 crepitus.
490 2220 566 2272 volat
580 2219 630 2272 atri
645 2219 762 2271 turbinis
773 2221 858 2274 inslar

175 2289 306 2343 Exitium
319 2290 410 2343 dirum
423 2290 499 2343 halla
512 2290 601 2343 ferens
614 2313 620 2356 ;
641 2291 753 2355 ornl'qnc
768 2294 894 2345 recludit

173 2360 293 2426 Loricae,
311 2362 437 2431 &clypei
451 2374 588 2413 extremos
602 2361 789 2429 scptcnnilicis
802 2366 905 2427 orbcs;
946 2384 959 2421 t,

177 2432 230 2483 Per
242 2433 364 2484 medinm
379 2433 488 2483 stridens
502 2433 593 2483 transit
608 2430 707 2483 fennrr.
728 2431 829 2484 incidit
844 2434 919 2487 iulus

174 2501 273 2569 Ingens
286 2503 320 2552 ad
335 2514 433 2554 terrani
447 2503 589 2571 duplicato
603 2503 708 2572 poplite
722 2504 853 2556 Turnus.

210 2571 388 2641 Consurgunt
402 2573 507 2640 gemitu
518 2573 630 2636 Rutuli,
647 2572 775 2638 totusque
787 2576 914 2644 remugit

172 2641 260 2693 Mons
274 2643 388 2706 circuni,
405 2645 430 2695 dc
444 2660 543 2696 vocent
555 2643 609 2696 late
623 2660 731 2694 ncnrorn
744 2643 801 2695 altu
817 2649 959 2698 remittunt

174 2710 959 2785 lllohumilisl'npplquue,oculosdextrairiqncprecante

173 2781 351 2846 ProtendenS,
368 2784 505 2850 Equidem
518 2785 615 2849 merui,
635 2802 683 2836 nec
697 2785 834 2854 deprecor
854 2788 958 2855 (inquit

173 2852 258 2905 Utere
273 2853 342 2904 sorte
356 2853 418 2907 turi:
442 2854 530 2906 miseri
545 2869 571 2906 te
586 2857 657 2923 liqna
671 2856 791 2923 parentis

169 2922 299 2997 Torigcre
313 2940 379 2979 cura
392 2925 489 2997 potest,
506 2942 554 2977 oro
577 2927 645 2993 (snit
661 2927 686 2976 δι
696 2925 746 2977 tibi
757 2925 823 2978 ralis

158 3000 306 3057 Anchises
320 3000 447 3075 genitor)
467 2997 565 3054 Dauni
575 2997 701 3050 inderent
710 2996 844 3051 ienettae:

148 3074 191 3133 Et
204 3096 267 3155 mc,
288 3077 344 3137 seu
357 3092 468 3155 corpus
482 3065 758 3148 luolutnnrlnnine
769 3066 876 3130 nunu,
921 3088 960 3182 x<
