2300 3600
278 316 331 385 23⁶
473 314 506 370 n.
524 313 701 370 vinoun
719 285 918 370 matonis.
987 293 990 304 '

312 403 404 475 Dixit,
417 406 592 462 deindelacu
607 408 711 478 liutius
722 408 747 461 se
757 407 882 462 condidit
893 405 963 471 alto,

206 529 211 535 .
277 479 339 534 Ima
351 492 461 562 petens:
482 496 536 532 nox
551 483 660 536 AEnean
673 478 835 546 somnusque
843 477 970 547 reliquit.

277 553 384 622 Surgit,
397 551 435 616 dt,
449 549 555 605 aetherli
566 548 690 621 spectans
702 549 816 603 orientia
828 548 893 602 solis

279 621 407 688 Lumina,
416 622 468 674 rite
480 621 668 674 cavisundam
677 621 711 674 de
723 619 837 672 flumine
846 616 949 690 palmis

280 691 405 757 Sustulit,
424 703 456 744 a'c
470 692 538 744 tales
549 690 667 745 effundit
675 691 710 744 ad
723 691 825 743 athera
834 705 936 742 voces:

279 757 1011 832 Nymphae,Laurentesnymphae,genusanmibusunc'

279 834 394 899 Tuque,
408 831 426 885 ὃ
438 832 528 901 Tybri
540 834 706 903 tuogenitor
718 848 783 885 cum
797 830 911 884 llumine
925 827 1011 884 sancte

230 954 233 959 .
279 902 411 973 Accipite
424 907 544 969 AEnean,
559 904 586 956 δι
599 903 710 955 tandem
722 914 811 955 arcete
824 887 947 973 periclis.

280 976 346 1045 Qo
354 983 381 1024 te
392 990 512 1042 cumque
525 973 780 1044 lacusmiserantetn
791 973 1009 1026 incommodam

282 1045 368 1097 Fonte
382 1054 466 1110 tenet,
477 1059 653 1112 quocumque
662 1043 719 1096 solo
731 1043 936 1113 pulcherrimus
945 1043 1005 1096 exis

281 1116 395 1185 Semper
407 1116 509 1170 honore
523 1130 596 1180 uteo,
610 1113 716 1183 semper
728 1114 901 1166 celebrabere
914 1114 1005 1167 donis.

280 1184 414 1255 Corniger
424 1181 608 1255 Hesperidum
619 1183 724 1237 fluvius
735 1195 863 1253 regnator
874 1201 1009 1250 aquarum

281 1255 364 1309 Adsis
377 1256 394 1309 δ
407 1258 524 1326 tantum,
537 1257 562 1308 δι
577 1255 691 1326 propius
703 1267 752 1307 tua
763 1255 877 1307 numina
888 1254 992 1310 firmes.

283 1326 328 1379 Sic
341 1337 485 1392 memorat,
499 1325 673 1395 geminasque
687 1324 755 1395 legit
768 1326 803 1377 de
815 1325 1011 1379 clallebireme

283 1397 468 1467 Remigioque
480 1408 556 1467 aptat
566 1419 574 1464 3
596 1395 683 1448 socios
695 1395 773 1448 simul
784 1395 890 1448 instruit
900 1398 994 1450 armis.

284 1468 358 1520 Ecce
371 1481 464 1520 utitem
472 1467 595 1520 subitum
607 1480 690 1536 atque
700 1466 788 1519 oeulis
797 1466 922 1520 mirabile
933 1466 1011 1520 mons

284 1537 410 1590 Candida
423 1553 471 1607 per
483 1537 589 1606 sylvam
599 1553 665 1589 cum
678 1537 750 1591 fretu
763 1535 892 1589 concolor
904 1538 970 1591 albo

284 1608 448 1673 Procubuit,
461 1608 601 1676 viridique
612 1608 640 1660 in
651 1608 730 1661 litore
743 1605 912 1677 conspicitur
925 1609 988 1662 sust

232 1678 236 1686 '
286 1681 379 1750 Qam
392 1678 455 1749 pius
462 1681 566 1736 AEneas
573 1678 624 1731 tibi
637 1679 721 1744 enim,
733 1678 795 1743 tibi,
806 1678 928 1731 maxima
940 1681 1011 1747 Juno

286 1747 394 1803 Maclat
405 1749 478 1803 sacra
491 1748 589 1815 serens,
603 1749 628 1804 δι
642 1765 707 1801 cum
720 1763 802 1819 grege
814 1748 878 1802 sistit
890 1749 926 1802 ad
940 1766 1011 1803 aram

284 1820 389 1889 Tybris
398 1819 430 1872 eal
444 1820 574 1884 fluvium,
586 1822 670 1887 quam
680 1821 762 1888 longa
773 1819 820 1883 est,
834 1818 915 1872 noete
928 1833 1011 1874 tumet

285 1891 387 1957 Leniit,
403 1893 427 1942 δι
442 1889 526 1944 taciti
538 1891 657 1942 refluens
669 1890 707 1943 ita
715 1890 832 1942 substitit
841 1891 927 1957 undis,

287 1962 369 2031 Mitis
382 1973 413 2014 ut
427 1962 454 2013 in
465 1977 569 2013 morem
579 1961 663 2031 stagni
677 1961 850 2031 placidaeque
864 1962 976 2031 paludis

287 2034 424 2084 Sterneret
435 2048 529 2100 aequor
538 2031 625 2099 aquis,
640 2048 714 2084 renio
728 2044 760 2083 ut
770 2029 909 2085 luctamen
919 2033 1008 2086 abesse

287 2104 363 2172 Ergo
373 2104 425 2155 iter
436 2103 579 2172 inceptum
589 2102 708 2155 celerant
720 2118 828 2154 rumore
841 2102 979 2156 secundo:

288 2174 405 2226 Labitur
417 2171 500 2226 uncia
512 2173 592 2226 vadis
603 2174 693 2225 abies:
716 2173 849 2225 mirantur
860 2175 886 2227 dc
897 2175 993 2240 undae,

288 2245 411 2297 Miratur
421 2259 516 2296 nemus
529 2243 666 2296 insuetum
679 2242 904 2314 fulgentialonge
920 2274 924 2279 ·

287 2316 372 2367 Scuta
385 2313 477 2366 virtlm
491 2313 579 2366 fluvio
592 2313 732 2383 pistasque
745 2313 837 2366 innare
850 2315 966 2369 carinas.

288 2384 347 2436 Olli
360 2385 474 2454 remigio
488 2383 651 2452 noctemque
665 2385 792 2451 diemque
806 2384 935 2453 fatigant,

288 2454 327 2507 Et
337 2454 433 2524 longos
447 2454 574 2524 superant
590 2455 693 2519 flexus,
707 2455 842 2522 variisque
855 2467 991 2524 teguntur

288 2525 457 2592 Arboribus,
476 2526 632 2593 viridesque
646 2527 736 2577 secant
749 2526 859 2594 placldo
872 2544 984 2593 aequore
998 2526 1011 2579 s

324 2595 371 2647 Sol
385 2595 508 2648 medium
520 2597 586 2648 coeli
599 2595 791 2650 conscenderat
803 2596 1011 2666 igneusorbem¹

286 2665 361 2720 cum
376 2682 468 2717 muros
480 2682 625 2734 arcemque
638 2666 747 2736 procul,
761 2683 792 2719 ac
802 2684 861 2719 rara
872 2667 1010 2721 domorun

285 2733 378 2790 Testa
391 2735 503 2802 vident3
525 2754 587 2803 quae
599 2754 670 2789 nunc
685 2739 810 2789 Romana
823 2738 948 2808 potentia
958 2739 1011 2792 coel

287 2805 443 2875 AEquavit:
466 2816 527 2859 tum
539 2823 582 2859 res
595 2808 689 2878 inopes
702 2808 849 2860 Evandrus
859 2809 992 2864 habebat.

286 2879 383 2948 Ocyils
395 2875 544 2934 advertunt
554 2894 658 2948 proras,
668 2878 785 2946 urbique
798 2879 998 2957 propinquant.

271 2949 362 3005 Forte’
374 2948 423 3004 die
434 2948 591 3006 solemnem
603 2949 654 3003 illo
666 2965 716 3003 rex
732 2952 819 3002 Arcas
827 2950 963 3005 lionorem

258 3022 548 3104 Amphitryoniadae
563 3041 673 3102 magno
683 3021 815 3090 diuisque
825 3017 943 3074 terebat·
