2300 3600
350 360 537 416 AENEIDOS
556 359 633 417 LIB.
648 364 720 444 ΧΠ.
902 378 953 434 323

121 453 191 507 Fas
200 464 268 518 erat,
280 453 362 521 idque
373 472 465 507 onmes
475 455 588 525 divique
598 457 774 525 hominesque
784 456 934 509 cauebant.'

119 524 239 577 Victus
251 541 341 576 amore
356 527 407 590 tui,
426 538 544 596 cognato
557 527 685 596 sanguine
699 527 801 593 vietus,

124 595 274 665 Coniugis
289 597 313 646 &
327 597 428 649 moestae
442 595 580 665 lacrymis,
597 598 689 649 vincia
701 598 793 651 omnia
804 595 885 669 rupi;
915 608 952 665 3ο
1007 614 1014 634 ·

128 663 298 720 Promitsam
311 666 399 735 eripui
410 683 508 735 genero
519 689 526 734 ς
547 685 621 720 arma
634 669 719 738 impia
731 668 841 739 sumpsi.
887 661 892 680 ‘

132 736 185 789 Ex
201 735 250 787 illo
264 738 311 803 qui
324 752 367 788 me
380 738 467 802 catus,
488 754 560 806 quae,
581 740 687 803 Turne,
708 738 857 806 sequautur

138 805 232 870 Bella,
253 806 348 872 viden
368 819 483 875 quantos
496 808 601 878 primus
612 810 714 877 patiare
726 810 845 862 labores.

139 876 190 930 Bis
203 875 302 945 magni
316 876 382 929 victi
396 877 489 947 pugni
502 879 549 929 vix
564 880 632 930 urbe
645 894 757 931 tuemur

139 950 212 1016 Spes
228 947 327 1000 italas:
348 946 467 999 recalent
482 948 567 1001 nostro
580 950 713 1001 Tiberina
726 950 832 1003 fluenta
920 956 955 1021 33

140 1017 281 1086 Sanguine
294 1017 395 1080 adhuc,
415 1019 560 1088 campique
571 1019 694 1089 ingentes
706 1020 805 1073 ossibus
817 1020 924 1077 albent.

142 1088 211 1159 Qb
220 1087 327 1138 referor
338 1089 437 1140 toties?
459 1106 520 1156 quae
537 1103 656 1141 mentem
669 1090 770 1143 insania
782 1098 891 1145 mutati

141 1159 172 1210 Si
187 1159 285 1209 'surrm
298 1158 429 1209 exstincto
443 1158 528 1211 socios
540 1160 601 1212 sum
613 1162 702 1212 accire
715 1172 826 1230 paratus
838 1182 848 1229 g

143 1223 205 1281 Cnr
218 1239 271 1279 uon
284 1228 414 1279 incolumi
428 1230 520 1300 potius
532 1231 680 1282 certamina
692 1232 782 1284 tollo?
814 1229 818 1236 ’

143 1291 225 1419 ‹de
237 1297 429 1367 consanguinei
443 1300 554 1362 Rutuli,
574 1301 642 1367 quid
654 1313 753 1354 caetera
764 1302 839 1355 dicet
918 1314 957 1365 40

144 1371 190 1422 Ita
204 1370 246 1434 ia;
265 1368 300 1420 ad
313 1380 428 1421 mortem
442 1369 459 1421 st
473 1379 499 1420 te
520 1373 602 1437 (Fors
611 1368 685 1423 dicia
697 1371 814 1439 refutet)
985 1398 987 1401 ·

145 1438 329 1501 Prodiderim,
349 1451 440 1491 natam
455 1440 479 1491 δι
494 1441 631 1493 connubia
643 1442 728 1500 nostra
741 1448 902 1511 petentem?

146 1508 265 1577 Respice
279 1525 319 1560 res
333 1509 407 1561 bello
419 1511 527 1563 varias:
549 1511 673 1563 miserere
687 1511 805 1581 parentis

145 1579 293 1649 Longaevi,
313 1596 395 1647 quem
408 1596 479 1632 nunc
493 1581 620 1633 moestum
633 1582 720 1651 patria
733 1582 828 1633 Ardea
839 1580 922 1654 longe

145 1650 271 1703 Dividit.
292 1648 294 1652 ’
311 1651 392 1703 Haud
407 1666 543 1719 quaquam
557 1650 638 1703 dietis
650 1652 782 1704 violentia
793 1652 884 1706 Turni
923 1666 957 1716 45

147 1720 301 1773 Flectitur:
323 1733 457 1790 exuperat
469 1713 555 1790 magis
568 1721 745 1790 aegrescitque
758 1722 903 1775 medendo.
926 1722 929 1730 '

145 1792 187 1845 Ut
201 1790 321 1860 primum
335 1790 385 1842 sari
399 1792 501 1861 potuit,
522 1794 555 1844 tic
569 1792 666 1862 incipit
678 1810 735 1846 ote.

145 1856 959 1933 'Qampromecuramgeris,hancprecor‚optime,prome

149 1933 292 2003 Deponas,
311 1933 474 2000 lethumque
487 1933 554 1984 sitias
566 1950 615 2002 pro
629 1934 711 1986 laude
724 1933 834 2003 pacisci.

147 2002 187 2056 Et
199 2019 248 2054 nos
259 2004 323 2068 tela,
338 2014 424 2072 pater,
439 2003 597 2070 senumque
605 2005 679 2055 haud
689 2003 780 2056 debile
790 2001 890 2057 dextra
926 2002 960 2070 ςο

148 2074 324 2142 Spargimus3
346 2074 371 2126 &
385 2074 471 2124 nostro
485 2073 607 2140 sequitur
618 2070 653 2126 de
665 2074 780 2126 vulnere
793 2073 912 2144 sanguis.

149 2143 247 2223 Lougei
260 2142 300 2195 illi
314 2144 364 2196 dea
377 2156 463 2195 mater
475 2145 537 2208 erit,
558 2159 620 2211 quae
634 2145 707 2195 nube
721 2144 851 2213 fugacem

128 2234 134 2241 ·
149 2213 283 2269 Feminea
295 2223 379 2284 tegat,
401 2215 426 2266 ἃ
440 2215 517 2265 vanis
531 2213 584 2265 sese
597 2214 707 2266 occulat
720 2215 836 2268 umbris.

190 2286 232 2337 At
244 2279 345 2354 regina,
366 2284 437 2335 novi
451 2300 550 2354 pugnae
565 2284 712 2337 conterrita
724 2284 805 2351 sorte,
946 2341 949 2348 Ι

150 2354 252 2408 Flebat
263 2370 282 2422 ;·
293 2355 318 2406 ec
332 2354 472 2406 ardentem
485 2371 616 2423 generum
628 2355 762 2406 moritura
774 2355 900 2409 tenebatr
929 2367 965 2425 55

150 2427 262 2489 Turne,
277 2440 326 2494 per
336 2425 385 2476 lias
392 2441 441 2493 ego
452 2437 479 2477 te
489 2426 632 2494 lacrymas,
647 2425 723 2494 persi
734 2426 795 2493 quie
806 2430 916 2480 Amatae

151 2494 261 2564 Tau'git
272 2496 357 2546 honos
369 2496 508 2547 animum:
533 2496 607 2565 (spes
620 2507 650 2546 tu
664 2511 736 2547 nunc
748 2512 813 2561 una,
831 2495 949 2551 senesiae

128 2608 132 2613 .
152 2566 205 2619 Tu
218 2565 326 2631 requies
338 2563 459 2616 miserae:
481 2564 566 2617 decus
580 2565 781 2634 imperiumque
795 2566 887 2620 Latini
931 2572 935 2580 '

147 2636 201 2688 sTe
216 2635 317 2704 penes:
336 2635 363 2687 in
377 2646 404 2685 te
417 2635 503 2687 omnis
516 2635 615 2687 domus
629 2635 759 2688 inclinata
769 2636 923 2704 recumbit)

155 2706 253 2759 Unum
265 2721 330 2757 oro:
352 2703 444 2756 desiste
457 2721 569 2773 manum
582 2704 753 2765 committere
763 2707 893 2760 Teucris.
908 2733 910 2737 ·
931 2708 970 2760 6ο
984 2735 987 2743 -

158 2774 218 2844 Qui
231 2785 258 2827 te
273 2790 394 2842 cumque
408 2786 516 2828 manent
530 2774 578 2827 isto
590 2775 738 2828 certamine
750 2776 839 2842 casus,

156 2847 197 2901 Et
210 2860 264 2910 tue,
279 2846 526 2924 Turuegmanent:
544 2845 622 2897 timul
632 2843 693 2897 haec
703 2845 955 2916 invist'reiinquam

157 2917 289 2981 Lumina,
313 2930 361 2968 nec
371 2930 506 2995 generum
520 2916 628 2969 AEneau
640 2916 752 2986 captiva
764 2916 879 2977 videbo.
930 2944 932 2948 ·

158 2986 281 3056 Accepit
294 2984 392 3039 vocem
405 2985 533 3055 lacrymis
547 2986 662 3039 Lavinia
674 2988 779 3054 matris,

160 3056 319 3128 Flagrantcs
329 3051 443 3129 perfusa
456 3072 581 3186 genalg:t

578 3057 897 3130 cuipiurimue'iquem
940 3057 997 3128 „85

572 3129 579 3139 ⁴
645 3148 685 3173 ·.
816 3158 820 3169 =
879 3118 1025 3178 §ww-x&
