2300 3600
158 352 209 406 rat
360 351 392 407 P.
414 350 591 407 VIRGILII
613 348 801 408 MARONIS

160 442 329 513 Relliquias:
346 446 442 512 Trojae
454 446 558 499 cineres
571 458 654 514 atque
666 445 721 499 offa
734 450 886 517 peremptae

161 515 329 585 Insequitur.
347 516 441 569 causas
454 517 523 569 tanti
536 516 603 570 sciat
615 516 665 569 illa
677 515 788 577 furoris.

161 588 174 642 1
178 586 224 657 pse
237 586 305 640 mihi
318 604 406 658 nuper
419 587 531 657 Libycis
544 599 575 641 tu
589 588 662 641 testis
675 587 703 640 in
715 587 807 653 undis,

129 672 130 677 ’
163 659 257 727 Qatn
271 658 373 711 molem
383 658 476 711 subiti>
484 659 616 711 excierit:
633 658 717 711 maria
729 658 822 712 omnia
833 654 910 712 eoelo

161 729 293 795 Miscuit,
308 725 410 783 AEoliis
419 729 604 799 nequicquam
614 728 684 782 freta
693 728 823 801 procellis
835 750 843 797 ς

162 801 197 853 In
209 800 300 869 regnis
312 798 365 853 hoc
378 800 444 852 ausa
456 800 523 853 tuis.
743 853 750 875 x

163 871 217 924 Per
229 870 317 925 scelus
329 884 394 923 ecce
405 870 490 924 etiam
500 870 629 937 Trojanis
642 870 777 925 matribus
789 867 860 923 adiit

162 940 272 995 Exutht
282 938 358 994 foede
371 956 496 1012 puppes;
517 943 543 995 ἃ
557 942 636 996 classe
649 942 760 1013 subegit

158 1008 276 1066 ‘Amissa
289 1010 375 1065 socios
387 1011 487 1082 ignotae
498 1011 621 1081 linquere
635 1025 725 1067 terrae.

196 1080 253 1134 uod
266 1081 395 1153 superest,
411 1098 469 1150 oro,
490 1082 571 1135 liccat
586 1083 650 1136 dare
664 1095 725 1137 tuta
738 1099 788 1154 per
799 1082 890 1136 undae

164 1155 207 1205 Ve
221 1168 237 1205 a
249 1151 319 1218 tibi3
336 1152 419 1207 liceat
433 1154 599 1208 Laurentem
611 1154 746 1225 attingere
759 1153 900 1223 Tybrim;

167 1222 196 1278 si
208 1222 329 1277 c'dncetsa
342 1234 417 1294 peto,
436 1224 454 1277 fi
468 1222 533 1278 dant
545 1241 578 1277 ea
591 1225 692 1277 moenia
705 1225 810 1279 Parcae.

203 1296 281 1350 Tum
293 1294 436 1348 Saturnius
448 1295 509 1349 haec
519 1295 640 1349 domitor
652 1295 735 1349 maris
747 1294 836 1348 edidit
849 1293 900 1348 alti
912 1314 919 1348 r

168 1368 220 1422 Fas
232 1382 313 1419 omne
326 1365 372 1431 ert,
389 1366 539 1435 Cytherea,
555 1367 625 1419 meis
637 1378 664 1419 te
677 1365 760 1419 fidere
773 1383 801 1419 re
823 1365 875 1432 nis,

167 1436 250 1491 Unde
262 1452 349 1506 genus
362 1436 456 1492 ducis:
473 1437 561 1491 merui
572 1453 694 1506 quoque.
716 1437 788 1507 saepe
802 1384 911 1489 furores

144 1521 148 1528 ’
169 1506 318 1578 Compreffi
334 1508 474 1561 &rabiem
486 1519 591 1563 tantam
603 1507 736 1575 coelisqne
749 1508 898 1576 marisque.

168 1580 226 1632 Nec
237 1577 326 1631 minor
337 1578 365 1631 in
375 1579 453 1631 terris
474 1578 634 1645 (Xanthum
643 1580 837 1647 Simoentaque
848 1578 924 1633 testor

127 1661 135 1674 ‘
169 1650 267 1704 AEneae
281 1648 349 1701 mihi
362 1663 428 1703 cura
439 1650 491 1702 tui.
509 1651 574 1702 chm
584 1650 673 1703 Troia
683 1648 811 1703 Achilles

169 1721 335 1776 Exanimata
349 1718 462 1788 sequens
474 1719 636 1790 impingeret
647 1720 756 1789 agmina
765 1719 863 1785 muris,

165 1791 266 1848 'Miltia
280 1790 370 1846 multa
380 1790 457 1845 daret
470 1790 557 1858 letho,
575 1800 770 1862 gemerentque
782 1788 882 1861 repleti

171 1866 288 1928 Amnes,
305 1879 353 1915 nec
365 1863 483 1934 reperire
496 1862 570 1915 viam
584 1876 666 1930 atque
680 1862 810 1917 evolvere
823 1861 911 1931 posset

113 1934 149 2017 hg
171 1938 204 1990 In
214 1951 287 1989 mare
301 1933 327 1986 fe
338 1934 466 1987 Xanthus
474 1956 482 2000 ς
503 1933 607 1988 Pelidae
620 1944 686 1986 tunc
699 1949 750 2004 ego
764 1932 829 1985 forti

113 2015 141 2056 rt·
169 2005 351 2092 Congnth
362 2006 481 2070 AEnean,
498 2021 547 2057 nec
561 1993 609 2057 cii}
618 2020 667 2056 nec
677 2003 784 2055 viribus
796 2003 896 2070 aequis,

171 2078 253 2132 Nube
265 2091 333 2128 cava
345 2076 442 2146 rapui:
458 2090 588 2146 euperem
602 2077 666 2127 cum
679 2085 786 2127 vertere
797 2075 832 2126 ab
846 2074 903 2128 imo

172 2146 282 2202 stnrtta
295 2146 362 2201 meis
375 2147 501 2200 manibus
514 2146 632 2217 perjura:
643 2145 863 2210 moenia'l'rojae.

172 2221 253 2273 Nunc
269 2232 379 2287 quoque
398 2234 475 2270 mens
487 2217 583 2270 eadem
597 2217 695 2287 perstat
709 2215 796 2268 mihi:
823 2214 921 2286 pellet

172 2292 279 2353 Tutus,
293 2305 363 2357 quos
371 2299 462 2374 optas,
476 2286 695 2359 portusaccedet
704 2285 822 2338 Averni.
899 2287 924 2352 [r

172 2364 252 2414 Unus
264 2359 315 2411 erit
328 2370 446 2423 tanturn,
460 2358 585 2412 umitsnm
595 2374 678 2426 quem
690 2357 797 2428 gurgite
810 2368 918 2426 quaeret

172 2435 267 2486 Unum
281 2446 330 2503 pro
344 2429 439 2481 multis
452 2427 565 2483 dabitur
577 2441 672 2498 caput.

203 2502 260 2559 ‚ttts
272 2501 321 2552 uhi
334 2500 399 2552 laeta
412 2500 471 2551 dene
485 2499 626 2572 permultit
640 2496 751 2568 pediora
764 2495 865 2563 dictim

173 2573 270 2645 Jungit
284 2587 369 2639 equos
381 2577 448 2622 au'ro
461 2571 579 2641 genitor,
594 2567 802 2639 spumantiaque
813 2568 893 2621 addit

174 2646 259 2699 Frena
271 2642 345 2706 seris,
358 2641 538 2708 manibusque
551 2657 646 2692 omnes
658 2639 777 2692 effundit
790 2639 923 2691 habenas.

174 2716 196 2769 C
201 2714 302 2768 asuleo
316 2729 365 2786 per
377 2711 481 2763 summa
494 2709 565 2764 levis
577 2710 654 2771 volat
668 2726 779 2776 :equora
791 2725 887 2762 curru.

173 2785 322 2838 Subtidunt
337 2781 429 2847 undae,
445 2781 640 2848 tumidumque
654 2781 704 2832 sub
717 2797 769 2833 arte
779 2779 887 2833 tonanti

174 2855 309 2910 Sternitur
319 2869 414 2921 aequor
423 2851 516 2920 aquis:
534 2851 646 2922 fugiunt
656 2851 729 2903 vasto
741 2851 843 2903 aethere
857 2849 924 2904 nimi

172 2931 199 2983 T
202 2945 249 2980 um
263 2924 345 2977 variae
360 2923 495 2975 comitum
509 2921 610 2988 sacies3
631 2921 760 2975 immania
771 2934 843 2986 cete,

160 3000 202 3050 Et
214 2997 309 3050 lenior·
319 2994 425 3050 Ghuci
437 2994 551 3059 chorus,
568 2992 707 3061 inuusque
720 2990 874 3060 Palaemon,

153 3069 348 3141 'tn'ronrt'qne
363 3068 428 3140 citi,
447 3067 612 3140 Phorcique
625 3061 882 3121 exereitusummt.
917 3104 919 3109 .

796 3147 815 3185 2
