<?xml version="1.0" encoding="UTF-8"?>
<!DOCTYPE html PUBLIC "-//W3C//DTD XHTML 1.0 Transitional//EN"
    "http://www.w3.org/TR/xhtml1/DTD/xhtml1-transitional.dtd">
<html xmlns="http://www.w3.org/1999/xhtml" xml:lang="en" lang="en">
 <head>
  <title>
</title>
<meta http-equiv="Content-Type" content="text/html;charset=utf-8" />
  <meta name='ocr-system' content='tesseract 3.04.00' />
  <meta name='ocr-capabilities' content='ocr_page ocr_carea ocr_par ocr_line ocrx_word'/>
</head>
<body>
  <div class='ocr_page' id='page_1' title='image "./pvirgiliimaroni02marogoog/pvirgiliimaroni02marogoog_0303.png"; bbox 0 0 2300 3600; ppageno 0'>
   <div class='ocr_carea' id='block_1_1' title="bbox 368 360 723 420">
    <p class='ocr_par' dir='ltr' id='par_1_1' title="bbox 368 360 723 420">
     <span class='ocr_line' id='line_1_1' title="bbox 368 360 723 420; baseline -0.014 0"><span class='ocrx_word' id='word_1_1' title='bbox 368 362 556 420; x_wconf 84' lang='lat' dir='ltr'>AENEIDOS</span> <span class='ocrx_word' id='word_1_2' title='bbox 575 360 651 416; x_wconf 78' lang='grc' dir='ltr'>ΠΒ.</span> <span class='ocrx_word' id='word_1_3' title='bbox 668 360 723 415; x_wconf 87' lang='grc' dir='ltr'>ΙΧ.</span> 
     </span>
    </p>
   </div>
   <div class='ocr_carea' id='block_1_2' title="bbox 133 449 965 3073">
    <p class='ocr_par' dir='ltr' id='par_1_2' title="bbox 133 449 965 3073">
     <span class='ocr_line' id='line_1_2' title="bbox 137 449 901 528; baseline -0.01 -19"><span class='ocrx_word' id='word_1_4' title='bbox 137 454 292 527; x_wconf 86' lang='lat' dir='ltr'>oppetiisse</span> <span class='ocrx_word' id='word_1_5' title='bbox 304 455 375 510; x_wconf 85' lang='lat' dir='ltr'>tuis:</span> <span class='ocrx_word' id='word_1_6' title='bbox 395 458 512 528; x_wconf 84' lang='lat' dir='ltr'>primam</span> <span class='ocrx_word' id='word_1_7' title='bbox 523 457 593 509; x_wconf 89' lang='lat' dir='ltr'>hanc</span> <span class='ocrx_word' id='word_1_8' title='bbox 603 455 655 507; x_wconf 91' lang='lat' dir='ltr'>tibi</span> <span class='ocrx_word' id='word_1_9' title='bbox 668 468 783 523; x_wconf 82' lang='lat' dir='ltr'>magnus</span> <span class='ocrx_word' id='word_1_10' title='bbox 794 449 901 521; x_wconf 88' lang='lat' dir='ltr'>Apollo</span> 
     </span>
     <span class='ocr_line' id='line_1_3' title="bbox 138 523 912 598; baseline -0.009 -18"><span class='ocrx_word' id='word_1_11' title='bbox 138 528 276 580; x_wconf 84' lang='lat' dir='ltr'><strong>Concedit</strong></span> <span class='ocrx_word' id='word_1_12' title='bbox 287 528 407 591; x_wconf 89' lang='lat' dir='ltr'>laudern,</span> <span class='ocrx_word' id='word_1_13' title='bbox 425 528 573 598; x_wconf 86' lang='lat' dir='ltr'>&amp;paribus</span> <span class='ocrx_word' id='word_1_14' title='bbox 589 543 642 578; x_wconf 91' lang='lat' dir='ltr'>non</span> <span class='ocrx_word' id='word_1_15' title='bbox 654 524 761 579; x_wconf 88' lang='lat' dir='ltr'>invidet</span> <span class='ocrx_word' id='word_1_16' title='bbox 774 523 866 575; x_wconf 89' lang='lat' dir='ltr'>armis.</span> <span class='ocrx_word' id='word_1_17' title='bbox 902 529 912 573; x_wconf 81' lang='lat' dir='ltr'>t</span> 
     </span>
     <span class='ocr_line' id='line_1_4' title="bbox 138 594 818 669; baseline -0.007 -18"><span class='ocrx_word' id='word_1_18' title='bbox 138 599 248 651; x_wconf 85' lang='lat' dir='ltr'>Caetera</span> <span class='ocrx_word' id='word_1_19' title='bbox 258 615 348 669; x_wconf 90' lang='lat' dir='ltr'>parce,</span> <span class='ocrx_word' id='word_1_20' title='bbox 370 616 448 669; x_wconf 90' lang='lat' dir='ltr'>puer,</span> <span class='ocrx_word' id='word_1_21' title='bbox 467 600 552 651; x_wconf 89' lang='lat' dir='ltr'>bello.</span> <span class='ocrx_word' id='word_1_22' title='bbox 572 598 607 649; x_wconf 85' lang='lat' dir='ltr'>sic</span> <span class='ocrx_word' id='word_1_23' title='bbox 619 596 696 648; x_wconf 89' lang='lat' dir='ltr'>orsus</span> <span class='ocrx_word' id='word_1_24' title='bbox 712 594 818 664; x_wconf 86' lang='lat' dir='ltr'><strong>Apollo</strong></span> 
     </span>
     <span class='ocr_line' id='line_1_5' title="bbox 135 665 790 740; baseline -0.011 -18"><span class='ocrx_word' id='word_1_25' title='bbox 135 669 276 722; x_wconf 84' lang='lat' dir='ltr'>Mortales</span> <span class='ocrx_word' id='word_1_26' title='bbox 289 670 381 721; x_wconf 89' lang='lat' dir='ltr'>medio</span> <span class='ocrx_word' id='word_1_27' title='bbox 394 669 519 740; x_wconf 71' lang='lat' dir='ltr'>aspeslus</span> <span class='ocrx_word' id='word_1_28' title='bbox 533 668 653 720; x_wconf 88' lang='lat' dir='ltr'>sermone</span> <span class='ocrx_word' id='word_1_29' title='bbox 667 665 790 733; x_wconf 88' lang='lat' dir='ltr'>reliquit,</span> 
     </span>
     <span class='ocr_line' id='line_1_6' title="bbox 136 737 845 810; baseline -0.004 -19"><span class='ocrx_word' id='word_1_30' title='bbox 136 739 176 791; x_wconf 90' lang='lat' dir='ltr'>Et</span> <span class='ocrx_word' id='word_1_31' title='bbox 189 739 287 810; x_wconf 89' lang='lat' dir='ltr'>procul</span> <span class='ocrx_word' id='word_1_32' title='bbox 301 740 328 792; x_wconf 91' lang='lat' dir='ltr'>in</span> <span class='ocrx_word' id='word_1_33' title='bbox 341 752 452 792; x_wconf 89' lang='lat' dir='ltr'>tenuem</span> <span class='ocrx_word' id='word_1_34' title='bbox 464 756 498 792; x_wconf 88' lang='lat' dir='ltr'>ex</span> <span class='ocrx_word' id='word_1_35' title='bbox 513 740 602 791; x_wconf 89' lang='lat' dir='ltr'>oculis</span> <span class='ocrx_word' id='word_1_36' title='bbox 614 737 728 789; x_wconf 88' lang='lat' dir='ltr'>evanuit</span> <span class='ocrx_word' id='word_1_37' title='bbox 740 752 845 789; x_wconf 89' lang='lat' dir='ltr'>auram.</span> 
     </span>
     <span class='ocr_line' id='line_1_7' title="bbox 137 808 759 880; baseline -0.005 -19"><span class='ocrx_word' id='word_1_38' title='bbox 137 810 288 879; x_wconf 71' lang='lat' dir='ltr'>Agnovere</span> <span class='ocrx_word' id='word_1_39' title='bbox 302 811 385 863; x_wconf 90' lang='lat' dir='ltr'>deum</span> <span class='ocrx_word' id='word_1_40' title='bbox 402 826 528 880; x_wconf 86' lang='lat' dir='ltr'>proceres</span> <span class='ocrx_word' id='word_1_41' title='bbox 541 809 689 875; x_wconf 89' lang='lat' dir='ltr'>divinaque</span> <span class='ocrx_word' id='word_1_42' title='bbox 704 808 759 859; x_wconf 91' lang='lat' dir='ltr'>tela</span> 
     </span>
     <span class='ocr_line' id='line_1_8' title="bbox 136 878 933 951; baseline -0.008 -18"><span class='ocrx_word' id='word_1_43' title='bbox 136 880 315 946; x_wconf 85' lang='lat' dir='ltr'>Dardanidae,</span> <span class='ocrx_word' id='word_1_44' title='bbox 324 882 535 951; x_wconf 84' lang='lat' dir='ltr'>pharetramque</span> <span class='ocrx_word' id='word_1_45' title='bbox 545 878 613 949; x_wconf 76' lang='lat' dir='ltr'>sugal</span> <span class='ocrx_word' id='word_1_46' title='bbox 622 878 725 931; x_wconf 63' lang='lat' dir='ltr'>senssre</span> <span class='ocrx_word' id='word_1_47' title='bbox 734 879 884 933; x_wconf 88' lang='lat' dir='ltr'>sonantem.</span> <span class='ocrx_word' id='word_1_48' title='bbox 900 878 933 930; x_wconf 88' lang='lat'>66</span> 
     </span>
     <span class='ocr_line' id='line_1_9' title="bbox 136 950 854 1023; baseline -0.003 -19"><span class='ocrx_word' id='word_1_49' title='bbox 136 950 214 1020; x_wconf 85' lang='lat' dir='ltr'>Ergo</span> <span class='ocrx_word' id='word_1_50' title='bbox 226 952 342 1005; x_wconf 88' lang='lat' dir='ltr'>avidum</span> <span class='ocrx_word' id='word_1_51' title='bbox 355 970 466 1023; x_wconf 78' lang='lat' dir='ltr'>pugnae,</span> <span class='ocrx_word' id='word_1_52' title='bbox 481 951 563 1005; x_wconf 76' lang='lat' dir='ltr'>dictis</span> <span class='ocrx_word' id='word_1_53' title='bbox 574 967 606 1002; x_wconf 90' lang='lat' dir='ltr'>ac</span> <span class='ocrx_word' id='word_1_54' title='bbox 620 952 731 1003; x_wconf 85' lang='lat' dir='ltr'>numine</span> <span class='ocrx_word' id='word_1_55' title='bbox 744 952 854 1019; x_wconf 88' lang='lat' dir='ltr'>Phoebi,</span> 
     </span>
     <span class='ocr_line' id='line_1_10' title="bbox 137 1021 833 1093; baseline -0.001 -17"><span class='ocrx_word' id='word_1_56' title='bbox 137 1022 291 1076; x_wconf 81' lang='lat' dir='ltr'>Ascanium</span> <span class='ocrx_word' id='word_1_57' title='bbox 301 1024 463 1093; x_wconf 81' lang='lat' dir='ltr'>prohibent:</span> <span class='ocrx_word' id='word_1_58' title='bbox 479 1022 527 1092; x_wconf 85' lang='lat' dir='ltr'>ipsi</span> <span class='ocrx_word' id='word_1_59' title='bbox 540 1023 567 1073; x_wconf 94' lang='lat' dir='ltr'>in</span> <span class='ocrx_word' id='word_1_60' title='bbox 580 1021 729 1074; x_wconf 90' lang='lat' dir='ltr'>certamina</span> <span class='ocrx_word' id='word_1_61' title='bbox 741 1022 833 1075; x_wconf 92' lang='lat' dir='ltr'>rursus</span> 
     </span>
     <span class='ocr_line' id='line_1_11' title="bbox 137 1091 895 1162; baseline 0.008 -19"><span class='ocrx_word' id='word_1_62' title='bbox 137 1093 308 1158; x_wconf 87' lang='lat' dir='ltr'>Succedunt,</span> <span class='ocrx_word' id='word_1_63' title='bbox 323 1093 478 1161; x_wconf 86' lang='lat' dir='ltr'>animasque</span> <span class='ocrx_word' id='word_1_64' title='bbox 489 1093 516 1146; x_wconf 92' lang='lat' dir='ltr'>in</span> <span class='ocrx_word' id='word_1_65' title='bbox 526 1104 619 1162; x_wconf 87' lang='lat' dir='ltr'>aperta</span> <span class='ocrx_word' id='word_1_66' title='bbox 633 1091 757 1162; x_wconf 88' lang='lat' dir='ltr'>pericula</span> <span class='ocrx_word' id='word_1_67' title='bbox 769 1092 895 1149; x_wconf 86' lang='lat' dir='ltr'>mittunt.</span> 
     </span>
     <span class='ocr_line' id='line_1_12' title="bbox 136 1162 819 1235; baseline -0.001 -20"><span class='ocrx_word' id='word_1_68' title='bbox 136 1162 166 1215; x_wconf 91' lang='lat' dir='ltr'>lt</span> <span class='ocrx_word' id='word_1_69' title='bbox 177 1162 283 1215; x_wconf 91' lang='lat' dir='ltr'>clamor</span> <span class='ocrx_word' id='word_1_70' title='bbox 295 1164 360 1216; x_wconf 93' lang='lat' dir='ltr'>totis</span> <span class='ocrx_word' id='word_1_71' title='bbox 373 1181 422 1233; x_wconf 91' lang='lat' dir='ltr'>per</span> <span class='ocrx_word' id='word_1_72' title='bbox 434 1164 641 1235; x_wconf 85' lang='lat' dir='ltr'>propugnacula</span> <span class='ocrx_word' id='word_1_73' title='bbox 654 1163 755 1227; x_wconf 87' lang='lat' dir='ltr'>muris;</span> <span class='ocrx_word' id='word_1_74' title='bbox 814 1187 819 1203; x_wconf 65' lang='grc' dir='ltr'>ι</span> 
     </span>
     <span class='ocr_line' id='line_1_13' title="bbox 136 1232 952 1306; baseline 0.002 -20"><span class='ocrx_word' id='word_1_75' title='bbox 136 1232 289 1287; x_wconf 71' lang='lat' dir='ltr'>intendunt</span> <span class='ocrx_word' id='word_1_76' title='bbox 302 1250 376 1286; x_wconf 89' lang='lat' dir='ltr'>acres</span> <span class='ocrx_word' id='word_1_77' title='bbox 389 1252 478 1301; x_wconf 89' lang='lat' dir='ltr'>arcus,</span> <span class='ocrx_word' id='word_1_78' title='bbox 497 1248 660 1301; x_wconf 87' lang='lat' dir='ltr'>amentaque</span> <span class='ocrx_word' id='word_1_79' title='bbox 674 1243 813 1301; x_wconf 85' lang='lat' dir='ltr'>torquent.</span> <span class='ocrx_word' id='word_1_80' title='bbox 900 1239 952 1306; x_wconf 85' lang='lat'>665</span> 
     </span>
     <span class='ocr_line' id='line_1_14' title="bbox 136 1304 875 1373; baseline 0.003 -18"><span class='ocrx_word' id='word_1_81' title='bbox 136 1304 275 1356; x_wconf 82' lang='lat' dir='ltr'>Sternitur</span> <span class='ocrx_word' id='word_1_82' title='bbox 286 1321 365 1357; x_wconf 90' lang='lat' dir='ltr'>omne</span> <span class='ocrx_word' id='word_1_83' title='bbox 380 1305 467 1357; x_wconf 89' lang='lat' dir='ltr'>solum</span> <span class='ocrx_word' id='word_1_84' title='bbox 481 1305 558 1359; x_wconf 90' lang='lat' dir='ltr'>telis:</span> <span class='ocrx_word' id='word_1_85' title='bbox 580 1318 641 1356; x_wconf 87' lang='lat' dir='ltr'>tum</span> <span class='ocrx_word' id='word_1_86' title='bbox 653 1304 731 1355; x_wconf 89' lang='lat' dir='ltr'>scuta</span> <span class='ocrx_word' id='word_1_87' title='bbox 743 1319 875 1373; x_wconf 85' lang='lat' dir='ltr'>cavaeque</span> 
     </span>
     <span class='ocr_line' id='line_1_15' title="bbox 136 1374 883 1445; baseline 0.004 -18"><span class='ocrx_word' id='word_1_88' title='bbox 136 1375 212 1427; x_wconf 82' lang='lat' dir='ltr'>Dant</span> <span class='ocrx_word' id='word_1_89' title='bbox 226 1374 344 1428; x_wconf 89' lang='lat' dir='ltr'>sonitum</span> <span class='ocrx_word' id='word_1_90' title='bbox 359 1375 437 1427; x_wconf 67' lang='lat' dir='ltr'>hieru</span> <span class='ocrx_word' id='word_1_91' title='bbox 451 1376 553 1445; x_wconf 79' lang='lat' dir='ltr'>galeae3</span> <span class='ocrx_word' id='word_1_92' title='bbox 572 1391 666 1444; x_wconf 85' lang='lat' dir='ltr'>pugna</span> <span class='ocrx_word' id='word_1_93' title='bbox 678 1374 771 1443; x_wconf 88' lang='lat' dir='ltr'>aspera</span> <span class='ocrx_word' id='word_1_94' title='bbox 785 1374 883 1445; x_wconf 83' lang='lat' dir='ltr'>surgit:</span> 
     </span>
     <span class='ocr_line' id='line_1_16' title="bbox 137 1444 840 1517; baseline 0.003 -21"><span class='ocrx_word' id='word_1_95' title='bbox 137 1447 267 1517; x_wconf 78' lang='lat' dir='ltr'>Qantus</span> <span class='ocrx_word' id='word_1_96' title='bbox 279 1447 314 1498; x_wconf 90' lang='lat' dir='ltr'>ab</span> <span class='ocrx_word' id='word_1_97' title='bbox 327 1446 424 1498; x_wconf 87' lang='lat' dir='ltr'>occasu</span> <span class='ocrx_word' id='word_1_98' title='bbox 438 1447 549 1498; x_wconf 87' lang='lat' dir='ltr'>veniens</span> <span class='ocrx_word' id='word_1_99' title='bbox 563 1444 736 1515; x_wconf 89' lang='lat' dir='ltr'>pluvialibus</span> <span class='ocrx_word' id='word_1_100' title='bbox 749 1445 840 1498; x_wconf 87' lang='lat' dir='ltr'>hoedis</span> 
     </span>
     <span class='ocr_line' id='line_1_17' title="bbox 133 1515 951 1585; baseline 0.006 -19"><span class='ocrx_word' id='word_1_101' title='bbox 133 1516 269 1568; x_wconf 85' lang='lat' dir='ltr'>Verberat</span> <span class='ocrx_word' id='word_1_102' title='bbox 278 1517 365 1569; x_wconf 85' lang='lat' dir='ltr'>imber</span> <span class='ocrx_word' id='word_1_103' title='bbox 374 1518 505 1570; x_wconf 89' lang='lat' dir='ltr'>humum:</span> <span class='ocrx_word' id='word_1_104' title='bbox 522 1519 607 1584; x_wconf 73' lang='lat' dir='ltr'>quam</span> <span class='ocrx_word' id='word_1_105' title='bbox 617 1515 706 1568; x_wconf 74' lang='lat' dir='ltr'>multal</span> <span class='ocrx_word' id='word_1_106' title='bbox 719 1516 850 1585; x_wconf 89' lang='lat' dir='ltr'>grandine</span> <span class='ocrx_word' id='word_1_107' title='bbox 863 1516 951 1571; x_wconf 86' lang='lat' dir='ltr'>nimbi</span> 
     </span>
     <span class='ocr_line' id='line_1_18' title="bbox 135 1586 950 1657; baseline 0.001 -18"><span class='ocrx_word' id='word_1_108' title='bbox 135 1586 169 1639; x_wconf 91' lang='lat' dir='ltr'>In</span> <span class='ocrx_word' id='word_1_109' title='bbox 179 1586 251 1638; x_wconf 87' lang='lat' dir='ltr'>vada</span> <span class='ocrx_word' id='word_1_110' title='bbox 261 1588 444 1657; x_wconf 87' lang='lat' dir='ltr'>praecipitant,</span> <span class='ocrx_word' id='word_1_111' title='bbox 456 1590 520 1640; x_wconf 81' lang='lat' dir='ltr'>chnr</span> <span class='ocrx_word' id='word_1_112' title='bbox 531 1586 641 1657; x_wconf 90' lang='lat' dir='ltr'>Jupiter</span> <span class='ocrx_word' id='word_1_113' title='bbox 651 1586 778 1638; x_wconf 90' lang='lat' dir='ltr'>horridus</span> <span class='ocrx_word' id='word_1_114' title='bbox 790 1586 884 1639; x_wconf 87' lang='lat' dir='ltr'>austris</span> <span class='ocrx_word' id='word_1_115' title='bbox 898 1593 950 1653; x_wconf 81' lang='lat'>670</span> 
     </span>
     <span class='ocr_line' id='line_1_19' title="bbox 133 1657 951 1727; baseline 0.002 -17"><span class='ocrx_word' id='word_1_116' title='bbox 133 1657 262 1725; x_wconf 89' lang='lat' dir='ltr'>Torquet</span> <span class='ocrx_word' id='word_1_117' title='bbox 272 1658 401 1725; x_wconf 88' lang='lat' dir='ltr'>aquosam</span> <span class='ocrx_word' id='word_1_118' title='bbox 415 1658 552 1727; x_wconf 86' lang='lat' dir='ltr'>hyemem,</span> <span class='ocrx_word' id='word_1_119' title='bbox 570 1660 595 1711; x_wconf 76' lang='lat' dir='ltr'>dt</span> <span class='ocrx_word' id='word_1_120' title='bbox 607 1657 680 1709; x_wconf 86' lang='lat' dir='ltr'>coelo</span> <span class='ocrx_word' id='word_1_121' title='bbox 693 1673 761 1709; x_wconf 87' lang='lat' dir='ltr'>cava</span> <span class='ocrx_word' id='word_1_122' title='bbox 771 1657 867 1711; x_wconf 92' lang='lat' dir='ltr'>nubila</span> <span class='ocrx_word' id='word_1_123' title='bbox 875 1675 951 1712; x_wconf 91' lang='lat' dir='ltr'>rum-</span> 
     </span>
     <span class='ocr_line' id='line_1_20' title="bbox 169 1725 946 1801; baseline 0.001 -20"><span class='ocrx_word' id='word_1_124' title='bbox 169 1725 309 1781; x_wconf 88' lang='lat' dir='ltr'>Pandarus</span> <span class='ocrx_word' id='word_1_125' title='bbox 324 1730 349 1781; x_wconf 84' lang='lat'>&amp;</span> <span class='ocrx_word' id='word_1_126' title='bbox 362 1730 447 1781; x_wconf 89' lang='lat' dir='ltr'>Bitias</span> <span class='ocrx_word' id='word_1_127' title='bbox 459 1729 534 1781; x_wconf 85' lang='lat' dir='ltr'>ldaeo</span> <span class='ocrx_word' id='word_1_128' title='bbox 546 1729 685 1781; x_wconf 86' lang='lat' dir='ltr'>Alcanore</span> <span class='ocrx_word' id='word_1_129' title='bbox 698 1728 776 1794; x_wconf 90' lang='lat' dir='ltr'>creti,</span> <span class='ocrx_word' id='word_1_130' title='bbox 876 1729 946 1801; x_wconf 86' lang='lat' dir='ltr'>[pit.</span> 
     </span>
     <span class='ocr_line' id='line_1_21' title="bbox 136 1800 743 1870; baseline 0.005 -21"><span class='ocrx_word' id='word_1_131' title='bbox 136 1800 217 1870; x_wconf 81' lang='lat' dir='ltr'>Qos</span> <span class='ocrx_word' id='word_1_132' title='bbox 227 1800 307 1865; x_wconf 89' lang='lat' dir='ltr'>Jovis</span> <span class='ocrx_word' id='word_1_133' title='bbox 319 1800 416 1853; x_wconf 87' lang='lat' dir='ltr'>eduxit</span> <span class='ocrx_word' id='word_1_134' title='bbox 432 1801 496 1853; x_wconf 93' lang='lat' dir='ltr'>luco</span> <span class='ocrx_word' id='word_1_135' title='bbox 509 1800 644 1870; x_wconf 88' lang='lat' dir='ltr'>sylvestris</span> <span class='ocrx_word' id='word_1_136' title='bbox 658 1801 743 1852; x_wconf 87' lang='lat' dir='ltr'>Hiera</span> 
     </span>
     <span class='ocr_line' id='line_1_22' title="bbox 140 1870 832 1940; baseline -0.003 -16"><span class='ocrx_word' id='word_1_137' title='bbox 140 1870 286 1924; x_wconf 77' lang='lat' dir='ltr'>Abietibus</span> <span class='ocrx_word' id='word_1_138' title='bbox 296 1872 413 1936; x_wconf 86' lang='lat' dir='ltr'>juvenes</span> <span class='ocrx_word' id='word_1_139' title='bbox 426 1871 520 1940; x_wconf 87' lang='lat' dir='ltr'>patriis</span> <span class='ocrx_word' id='word_1_140' title='bbox 535 1873 561 1924; x_wconf 79' lang='lat' dir='ltr'>dc</span> <span class='ocrx_word' id='word_1_141' title='bbox 574 1871 715 1924; x_wconf 91' lang='lat' dir='ltr'>montibus</span> <span class='ocrx_word' id='word_1_142' title='bbox 728 1888 832 1939; x_wconf 80' lang='lat' dir='ltr'>aequos,</span> 
     </span>
     <span class='ocr_line' id='line_1_23' title="bbox 142 1942 948 2013; baseline 0 -19"><span class='ocrx_word' id='word_1_143' title='bbox 142 1942 255 2005; x_wconf 75' lang='lat' dir='ltr'>&#39;ortam‚</span> <span class='ocrx_word' id='word_1_144' title='bbox 272 1959 333 2008; x_wconf 86' lang='lat' dir='ltr'>quae</span> <span class='ocrx_word' id='word_1_145' title='bbox 345 1942 423 1994; x_wconf 88' lang='lat' dir='ltr'>ducis</span> <span class='ocrx_word' id='word_1_146' title='bbox 436 1942 551 2011; x_wconf 86' lang='lat' dir='ltr'>imperio</span> <span class='ocrx_word' id='word_1_147' title='bbox 559 1942 708 2006; x_wconf 83' lang='lat' dir='ltr'>commissa,</span> <span class='ocrx_word' id='word_1_148' title='bbox 722 1942 881 2008; x_wconf 88' lang='lat' dir='ltr'>recludunt,</span> <span class='ocrx_word' id='word_1_149' title='bbox 897 1945 948 2013; x_wconf 76' lang='lat'>⁶75</span> 
     </span>
     <span class='ocr_line' id='line_1_24' title="bbox 147 2012 871 2080; baseline 0.004 -16"><span class='ocrx_word' id='word_1_150' title='bbox 147 2012 207 2065; x_wconf 69' lang='lat' dir='ltr'>*reti</span> <span class='ocrx_word' id='word_1_151' title='bbox 221 2013 314 2077; x_wconf 68' lang='lat' dir='ltr'>armiS,</span> <span class='ocrx_word' id='word_1_152' title='bbox 329 2014 458 2080; x_wconf 76' lang='lat' dir='ltr'>ultroque</span> <span class='ocrx_word' id='word_1_153' title='bbox 472 2013 591 2065; x_wconf 90' lang='lat' dir='ltr'>invitant</span> <span class='ocrx_word' id='word_1_154' title='bbox 604 2013 743 2064; x_wconf 85' lang='lat' dir='ltr'>moenibus</span> <span class='ocrx_word' id='word_1_155' title='bbox 756 2012 871 2067; x_wconf 89' lang='lat' dir='ltr'>hostem.</span> 
     </span>
     <span class='ocr_line' id='line_1_25' title="bbox 153 2082 808 2152; baseline 0.002 -18"><span class='ocrx_word' id='word_1_156' title='bbox 153 2084 184 2135; x_wconf 73' lang='lat' dir='ltr'>&gt;si</span> <span class='ocrx_word' id='word_1_157' title='bbox 200 2082 276 2134; x_wconf 90' lang='lat' dir='ltr'>intus</span> <span class='ocrx_word' id='word_1_158' title='bbox 288 2082 386 2134; x_wconf 69' lang='lat' dir='ltr'>dextra</span> <span class='ocrx_word' id='word_1_159' title='bbox 399 2099 430 2134; x_wconf 90' lang='lat' dir='ltr'>ac</span> <span class='ocrx_word' id='word_1_160' title='bbox 444 2082 516 2134; x_wconf 77' lang='lat' dir='ltr'>laeval</span> <span class='ocrx_word' id='word_1_161' title='bbox 529 2100 578 2152; x_wconf 91' lang='lat' dir='ltr'>pro</span> <span class='ocrx_word' id='word_1_162' title='bbox 589 2083 712 2135; x_wconf 88' lang='lat' dir='ltr'>turribus</span> <span class='ocrx_word' id='word_1_163' title='bbox 724 2082 808 2136; x_wconf 89' lang='lat' dir='ltr'>astant</span> 
     </span>
     <span class='ocr_line' id='line_1_26' title="bbox 157 2152 791 2224; baseline 0.002 -18"><span class='ocrx_word' id='word_1_164' title='bbox 157 2153 243 2206; x_wconf 90' lang='lat' dir='ltr'>rmati</span> <span class='ocrx_word' id='word_1_165' title='bbox 257 2152 338 2218; x_wconf 87' lang='lat' dir='ltr'>ferro,</span> <span class='ocrx_word' id='word_1_166' title='bbox 360 2155 385 2205; x_wconf 75' lang='lat' dir='ltr'>dc</span> <span class='ocrx_word' id='word_1_167' title='bbox 399 2155 482 2206; x_wconf 83' lang='lat' dir='ltr'>cristis</span> <span class='ocrx_word' id='word_1_168' title='bbox 495 2153 586 2224; x_wconf 89' lang='lat' dir='ltr'>capita</span> <span class='ocrx_word' id='word_1_169' title='bbox 599 2154 655 2205; x_wconf 87' lang='lat' dir='ltr'>alta</span> <span class='ocrx_word' id='word_1_170' title='bbox 668 2152 791 2207; x_wconf 83' lang='lat' dir='ltr'>corusci:</span> 
     </span>
     <span class='ocr_line' id='line_1_27' title="bbox 162 2223 734 2292; baseline 0.002 -17"><span class='ocrx_word' id='word_1_171' title='bbox 162 2225 238 2277; x_wconf 75' lang='lat' dir='ltr'>sales</span> <span class='ocrx_word' id='word_1_172' title='bbox 251 2225 329 2276; x_wconf 60' lang='lat' dir='ltr'>asriae</span> <span class='ocrx_word' id='word_1_173' title='bbox 345 2224 477 2292; x_wconf 88' lang='lat' dir='ltr'>liquentia</span> <span class='ocrx_word' id='word_1_174' title='bbox 492 2224 606 2277; x_wconf 88' lang='lat' dir='ltr'>flumina</span> <span class='ocrx_word' id='word_1_175' title='bbox 619 2223 734 2288; x_wconf 79' lang='lat' dir='ltr'>circum,</span> 
     </span>
     <span class='ocr_line' id='line_1_28' title="bbox 165 2287 945 2365; baseline 0.003 -17"><span class='ocrx_word' id='word_1_176' title='bbox 165 2287 194 2348; x_wconf 66' lang='grc' dir='ltr'>ἵε</span> <span class='ocrx_word' id='word_1_177' title='bbox 210 2295 277 2347; x_wconf 92' lang='lat' dir='ltr'>Padi</span> <span class='ocrx_word' id='word_1_178' title='bbox 291 2295 367 2364; x_wconf 91' lang='lat' dir='ltr'>ripis,</span> <span class='ocrx_word' id='word_1_179' title='bbox 385 2297 511 2349; x_wconf 85' lang='lat' dir='ltr'>Athesim</span> <span class='ocrx_word' id='word_1_180' title='bbox 526 2296 572 2348; x_wconf 93' lang='lat' dir='ltr'>seu</span> <span class='ocrx_word' id='word_1_181' title='bbox 586 2307 698 2365; x_wconf 89' lang='lat' dir='ltr'>propter</span> <span class='ocrx_word' id='word_1_182' title='bbox 710 2312 861 2362; x_wconf 86' lang='lat' dir='ltr'>arnoenum,</span> <span class='ocrx_word' id='word_1_183' title='bbox 893 2299 945 2350; x_wconf 85' lang='lat'>680</span> 
     </span>
     <span class='ocr_line' id='line_1_29' title="bbox 171 2365 839 2436; baseline 0 -18"><span class='ocrx_word' id='word_1_184' title='bbox 171 2366 307 2434; x_wconf 82' lang='lat' dir='ltr'>nsurgunt</span> <span class='ocrx_word' id='word_1_185' title='bbox 320 2367 434 2436; x_wconf 80' lang='lat' dir='ltr'>geminae</span> <span class='ocrx_word' id='word_1_186' title='bbox 448 2382 577 2433; x_wconf 91' lang='lat' dir='ltr'>quercus,</span> <span class='ocrx_word' id='word_1_187' title='bbox 594 2365 752 2433; x_wconf 88' lang='lat' dir='ltr'>intonsaque</span> <span class='ocrx_word' id='word_1_188' title='bbox 765 2367 839 2418; x_wconf 86' lang='lat' dir='ltr'>coelo</span> 
     </span>
     <span class='ocr_line' id='line_1_30' title="bbox 175 2436 802 2506; baseline 0 -17"><span class='ocrx_word' id='word_1_189' title='bbox 175 2436 277 2489; x_wconf 72' lang='lat' dir='ltr'>tollunt</span> <span class='ocrx_word' id='word_1_190' title='bbox 290 2437 391 2506; x_wconf 86' lang='lat' dir='ltr'>capita,</span> <span class='ocrx_word' id='word_1_191' title='bbox 413 2438 438 2488; x_wconf 75' lang='grc' dir='ltr'>δι</span> <span class='ocrx_word' id='word_1_192' title='bbox 453 2436 563 2488; x_wconf 88' lang='lat' dir='ltr'>sublimi</span> <span class='ocrx_word' id='word_1_193' title='bbox 577 2436 681 2488; x_wconf 84' lang='lat' dir='ltr'>vertice</span> <span class='ocrx_word' id='word_1_194' title='bbox 695 2448 802 2489; x_wconf 88' lang='lat' dir='ltr'>nutant.</span> 
     </span>
     <span class='ocr_line' id='line_1_31' title="bbox 180 2507 825 2577; baseline -0.002 -16"><span class='ocrx_word' id='word_1_195' title='bbox 180 2517 304 2577; x_wconf 74' lang='lat' dir='ltr'>impulit,</span> <span class='ocrx_word' id='word_1_196' title='bbox 318 2508 410 2558; x_wconf 87' lang='lat' dir='ltr'>aditus</span> <span class='ocrx_word' id='word_1_197' title='bbox 424 2507 524 2559; x_wconf 91' lang='lat' dir='ltr'>Rutuli</span> <span class='ocrx_word' id='word_1_198' title='bbox 539 2517 569 2559; x_wconf 87' lang='lat' dir='ltr'>ut</span> <span class='ocrx_word' id='word_1_199' title='bbox 582 2507 675 2558; x_wconf 86' lang='lat' dir='ltr'>videre</span> <span class='ocrx_word' id='word_1_200' title='bbox 690 2517 825 2576; x_wconf 88' lang='lat' dir='ltr'>patentes.</span> 
     </span>
     <span class='ocr_line' id='line_1_32' title="bbox 192 2578 889 2647; baseline 0.001 -16"><span class='ocrx_word' id='word_1_201' title='bbox 192 2579 271 2631; x_wconf 68' lang='lat' dir='ltr'>tinuit</span> <span class='ocrx_word' id='word_1_202' title='bbox 286 2581 437 2646; x_wconf 82' lang='lat' dir='ltr'>Qerccns,</span> <span class='ocrx_word' id='word_1_203' title='bbox 457 2579 482 2630; x_wconf 78' lang='lat' dir='ltr'>dr</span> <span class='ocrx_word' id='word_1_204' title='bbox 496 2579 614 2647; x_wconf 88' lang='lat' dir='ltr'>pulcher</span> <span class='ocrx_word' id='word_1_205' title='bbox 627 2578 784 2644; x_wconf 79' lang='lat' dir='ltr'>Aquiculus</span> <span class='ocrx_word' id='word_1_206' title='bbox 798 2578 889 2644; x_wconf 88' lang='lat' dir='ltr'>armis,</span> 
     </span>
     <span class='ocr_line' id='line_1_33' title="bbox 194 2649 945 2720; baseline 0.004 -19"><span class='ocrx_word' id='word_1_207' title='bbox 194 2664 299 2718; x_wconf 85' lang='lat' dir='ltr'>raeceps</span> <span class='ocrx_word' id='word_1_208' title='bbox 309 2649 530 2712; x_wconf 87' lang='lat' dir='ltr'>animiTmarus,</span> <span class='ocrx_word' id='word_1_209' title='bbox 541 2650 566 2700; x_wconf 75' lang='grc' dir='ltr'>ὅτ</span> <span class='ocrx_word' id='word_1_210' title='bbox 576 2649 735 2701; x_wconf 91' lang='lat' dir='ltr'>Mavortius</span> <span class='ocrx_word' id='word_1_211' title='bbox 743 2652 871 2717; x_wconf 84' lang='lat' dir='ltr'>Haeiuon,</span> <span class='ocrx_word' id='word_1_212' title='bbox 893 2653 925 2704; x_wconf 81' lang='lat'>68</span> <span class='ocrx_word' id='word_1_213' title='bbox 928 2666 945 2720; x_wconf 82' lang='lat'><em>5</em></span> 
     </span>
     <span class='ocr_line' id='line_1_34' title="bbox 194 2715 732 2790; baseline -0.004 -18"><span class='ocrx_word' id='word_1_214' title='bbox 194 2719 300 2772; x_wconf 82' lang='lat' dir='ltr'>tinibus</span> <span class='ocrx_word' id='word_1_215' title='bbox 313 2719 378 2771; x_wconf 87' lang='lat' dir='ltr'>totis</span> <span class='ocrx_word' id='word_1_216' title='bbox 390 2730 438 2771; x_wconf 87' lang='lat' dir='ltr'>aut</span> <span class='ocrx_word' id='word_1_217' title='bbox 452 2719 518 2771; x_wconf 80' lang='lat' dir='ltr'>versi</span> <span class='ocrx_word' id='word_1_218' title='bbox 533 2730 610 2790; x_wconf 87' lang='lat' dir='ltr'>terga</span> <span class='ocrx_word' id='word_1_219' title='bbox 623 2715 732 2785; x_wconf 89' lang='lat' dir='ltr'>dedere,</span> 
     </span>
     <span class='ocr_line' id='line_1_35' title="bbox 201 2788 776 2859; baseline 0.002 -18"><span class='ocrx_word' id='word_1_220' title='bbox 201 2788 262 2859; x_wconf 89' lang='lat' dir='ltr'>ipso</span> <span class='ocrx_word' id='word_1_221' title='bbox 277 2802 362 2858; x_wconf 74' lang='lat' dir='ltr'>portae</span> <span class='ocrx_word' id='word_1_222' title='bbox 377 2789 491 2858; x_wconf 87' lang='lat' dir='ltr'>posuere</span> <span class='ocrx_word' id='word_1_223' title='bbox 504 2790 530 2840; x_wconf 89' lang='lat' dir='ltr'>in</span> <span class='ocrx_word' id='word_1_224' title='bbox 544 2789 638 2841; x_wconf 85' lang='lat' dir='ltr'>limine</span> <span class='ocrx_word' id='word_1_225' title='bbox 651 2791 749 2843; x_wconf 84' lang='lat' dir='ltr'>vitam.</span> <span class='ocrx_word' id='word_1_226' title='bbox 774 2854 776 2859; x_wconf 28' lang='grc' dir='ltr'>Ι</span> 
     </span>
     <span class='ocr_line' id='line_1_36' title="bbox 218 2860 836 2930; baseline 0.006 -19"><span class='ocrx_word' id='word_1_227' title='bbox 218 2860 472 2929; x_wconf 79' lang='lat' dir='ltr'>magis-increscunt</span> <span class='ocrx_word' id='word_1_228' title='bbox 485 2860 583 2912; x_wconf 87' lang='lat' dir='ltr'>animis</span> <span class='ocrx_word' id='word_1_229' title='bbox 595 2860 768 2912; x_wconf 86' lang='lat' dir='ltr'>discordibus</span> <span class='ocrx_word' id='word_1_230' title='bbox 777 2861 836 2930; x_wconf 77' lang='lat' dir='ltr'>ira,</span> 
     </span>
     <span class='ocr_line' id='line_1_37' title="bbox 207 2930 783 3000; baseline 0 -17"><span class='ocrx_word' id='word_1_231' title='bbox 207 2948 234 2983; x_wconf 82' lang='lat' dir='ltr'>nr</span> <span class='ocrx_word' id='word_1_232' title='bbox 247 2930 357 2982; x_wconf 70' lang='lat' dir='ltr'>colledli</span> <span class='ocrx_word' id='word_1_233' title='bbox 371 2932 460 2983; x_wconf 79' lang='lat' dir='ltr'>Tro&#39;e‘s</span> <span class='ocrx_word' id='word_1_234' title='bbox 472 2932 661 3000; x_wconf 86' lang='lat' dir='ltr'>glomerantur</span> <span class='ocrx_word' id='word_1_235' title='bbox 674 2932 783 2997; x_wconf 80' lang='lat' dir='ltr'>eodem,</span> 
     </span>
     <span class='ocr_line' id='line_1_38' title="bbox 212 2996 965 3073; baseline -0.009 -20"><span class='ocrx_word' id='word_1_236' title='bbox 212 3001 299 3053; x_wconf 78' lang='lat' dir='ltr'>iserre</span> <span class='ocrx_word' id='word_1_237' title='bbox 311 2996 431 3067; x_wconf 85' lang='lat' dir='ltr'>rnanuni,</span> <span class='ocrx_word' id='word_1_238' title='bbox 446 3003 471 3053; x_wconf 73' lang='grc' dir='ltr'>δι</span> <span class='ocrx_word' id='word_1_239' title='bbox 483 3017 644 3073; x_wconf 86' lang='lat' dir='ltr'>procurrere</span> <span class='ocrx_word' id='word_1_240' title='bbox 650 3001 965 3073; x_wconf 64' lang='lat' dir='ltr'>longiusauhent.bqo</span> 
     </span>
    </p>
   </div>
   <div class='ocr_carea' id='block_1_3' title="bbox 218 3070 775 3152">
    <p class='ocr_par' dir='ltr' id='par_1_3' title="bbox 218 3070 775 3152">
     <span class='ocr_line' id='line_1_39' title="bbox 218 3070 775 3152; baseline 0.005 -29"><span class='ocrx_word' id='word_1_241' title='bbox 218 3070 240 3123; x_wconf 81' lang='grc' dir='ltr'>η’</span> <span class='ocrx_word' id='word_1_242' title='bbox 255 3073 362 3141; x_wconf 88' lang='lat' dir='ltr'>Turno,</span> <span class='ocrx_word' id='word_1_243' title='bbox 378 3071 489 3128; x_wconf 85' lang='lat' dir='ltr'>diversa</span> <span class='ocrx_word' id='word_1_244' title='bbox 503 3074 537 3139; x_wconf 83' lang='lat' dir='ltr'>in</span> <span class='ocrx_word' id='word_1_245' title='bbox 548 3087 633 3152; x_wconf 84' lang='lat' dir='ltr'>parte</span> <span class='ocrx_word' id='word_1_246' title='bbox 641 3073 775 3138; x_wconf 73' lang='lat' dir='ltr'>surenti,</span> 
     </span>
    </p>
   </div>
   <div class='ocr_carea' id='block_1_4' title="bbox 782 3097 986 3196">
    <p class='ocr_par' dir='ltr' id='par_1_4' title="bbox 782 3097 986 3196">
     <span class='ocr_line' id='line_1_40' title="bbox 782 3097 986 3196; baseline -0.005 -4"><span class='ocrx_word' id='word_1_247' title='bbox 782 3097 986 3196; x_wconf 44' lang='lat' dir='ltr'>&#39;russanum&#39;</span> 
     </span>
    </p>
   </div>
   <div class='ocr_carea' id='block_1_5' title="bbox 0 0 1154 3600">
    <p class='ocr_par' dir='ltr' id='par_1_5' title="bbox 0 0 1154 3600">
     <span class='ocr_line' id='line_1_41' title="bbox 0 0 1154 3600; baseline 0 1"><span class='ocrx_word' id='word_1_248' title='bbox 0 0 1154 3600; x_wconf 95' lang='lat' dir='ltr'> </span> 
     </span>
    </p>
   </div>
  </div>
 </body>
</html>
