2300 3600
388 311 443 363 250
569 294 602 347 1³.
622 293 797 346 VIRGILII
818 291 981 350 MARONl

388 386 549 459 Relligioue
559 398 670 457 patrum
682 386 737 439 late
751 386 839 438 sacer:
860 385 981 452 undiquc

388 458 532 512 Inelusere
545 458 616 523 cavi,
638 460 662 510 δι
677 456 755 527 nigrai
764 473 860 508 nemus
870 455 959 507 abiete
973 472 981 507 t

390 529 512 597 Sylvano
526 529 599 580 sarna
610 528 648 580 est
657 540 763 580 veteres
777 524 885 578 sacrasse
897 525 981 594 Pelas3

390 601 535 651 Arvorum
548 598 706 669 pecorisque
721 599 773 649 deo
782 597 933 663 lucumque
943 596 981 649 dit

390 669 449 739 Qi
464 669 544 738 primi
557 669 624 725 lines
637 668 784 738 aliquando
794 668 914 720 habuere
924 668 980 719 Lat

390 741 475 796 Haud
484 739 581 808 procul
592 740 656 791 hinc
664 740 776 792 Tarcho
789 737 961 806 &Tyrrheni
972 749 981 789 t

390 809 570 874 Castraloeis‚
582 810 709 878 celsoque
719 810 806 861 omnis
816 808 850 859 de
860 807 931 859 colle
942 808 981 859 vi‹

265 869 280 922 ἰ-
327 890 334 940 j
388 880 452 947 Jam
465 891 573 949 poterat
587 880 671 950 legio,
691 882 715 931 δι
730 879 792 931 latis
805 878 934 930 tendebat
948 878 976 930 in

389 951 455 1004 Huc
469 961 548 1018 pater
561 952 675 1016 AEneas,
694 949 805 1002 &bello
818 947 981 1013 leslajuven

390 1020 561 1088 Succedunt,
582 1019 692 1087 seslique
705 1022 729 1071 δι
742 1037 826 1087 equos
839 1021 981 1089 &corpora

419 1093 471 1143 'At
481 1093 575 1146 Venus
588 1091 721 1145 aethereos
734 1091 814 1154 inter,
826 1091 877 1144 dea
890 1089 981 1141 candit

390 1161 473 1215 Dona
487 1161 574 1213 serens
587 1161 698 1227 aderat3
720 1173 869 1227 natumque
883 1160 910 1211 in
922 1160 981 1212 vall

389 1232 430 1283 Ut
447 1231 543 1301 procul
557 1231 666 1301 egelido
679 1231 813 1286 secretum
828 1230 942 1286 flumine
955 1231 981 1281 vi

390 1302 512 1355 Talibus
526 1302 607 1355 affata
620 1302 657 1355 est
670 1300 762 1367 dictis,
781 1301 862 1369 seque
875 1298 980 1353 obtulit

382 1372 437 1427 ‘En
450 1372 574 1442 perfecta
587 1372 641 1425 mei
660 1369 792 1444 promissi
804 1370 930 1441 conjugis
943 1382 981 1423 art

390 1442 526 1500 Munera:
546 1459 579 1494 ne
593 1460 657 1496 mox
672 1455 719 1496 aut
730 1444 890 1507 Laurentes,
910 1453 981 1507 nate,

392 1515 456 1566 Aut
469 1519 559 1566 aerem
572 1514 683 1565 dubites
696 1514 723 1581 in
733 1512 832 1584 proelia
845 1513 954 1582 poscere
965 1515 981 1565 Ί

391 1584 485 1653 Dixit,
504 1586 529 1636 δι
543 1583 690 1654 amplexus
703 1584 758 1641 nati
773 1584 911 1652 Cytherea
922 1583 980 1653 peti

390 1656 481 1712 Arma
493 1655 543 1707 sub
557 1652 673 1706 adversi
686 1654 777 1724 posuit
790 1653 923 1709 radiantia
936 1670 981 1721 qut

393 1725 447 1778 Ille
462 1726 520 1785 dea
535 1725 614 1777 donis
628 1727 654 1777 dc
667 1736 743 1776 tanto
757 1726 838 1777 laetus
851 1726 953 1776 honore

389 1795 507 1866 Expleri
524 1796 633 1864 nequit,
651 1808 732 1864 atque
746 1795 841 1848 oculos
855 1812 904 1867 per
917 1795 981 1864 fingi

391 1867 580 1935 Miraturque,
598 1867 721 1933 interque
735 1884 831 1919 manus
846 1867 980 1919 &brachi

392 1938 563 1990 Terribilem
577 1936 660 1990 cristis
673 1937 780 2006 galeam
795 1937 972 2003 flammasque

393 2009 602 2076 Fatiferumque
615 2008 714 2073 ensem,
733 2009 844 2060 loricam
858 2024 894 2060 ex
911 2025 962 2059 aere
977 2026 981 2057 r

392 2080 586 2148 Sanguineam,
606 2080 763 2149 ingentem,
785 2078 883 2145 qualis,
900 2081 981 2127 clun·

361 2205 364 2214 ,
392 2151 465 2202 Solis
479 2150 622 2202 inardescit
636 2150 727 2213 radiis,
748 2149 881 2217 longeque
895 2147 981 2217 resulg

393 2222 471 2271 Tum
485 2222 561 2272 leves
573 2237 667 2271 ocreas
679 2218 779 2272 electro
793 2236 914 2285 auroque
928 2236 981 2270 rect

391 2288 558 2358 Haliumque
574 2293 599 2342 δι
614 2291 704 2361 clypei
718 2307 771 2342 non
784 2289 932 2340 enarrabile
947 2303 981 2340 te:

430 2361 493 2412 Illic
506 2379 548 2412 res
563 2362 657 2426 Italas,
680 2362 922 2425 Romanorumque
937 2360 981 2411 trit

391 2431 476 2483 Haud
490 2444 588 2483 vatum
600 2433 710 2500 ignarus
724 2430 886 2495 venturique
900 2430 981 2480 inscii·

393 2503 507 2554 Fecerat
521 2502 694 2570 ignipotens:
716 2502 774 2553 illie
787 2517 872 2569 genus
884 2517 963 2550 oniue

392 2571 491 2646 Stirpis
504 2573 538 2623 ab
551 2573 680 2638 Ascanio,
703 2585 876 2642 pugnataque
891 2570 917 2620 in
930 2571 979 2621 orti

341 2702 344 2708 <
391 2643 506 2694 Fecerat
521 2643 545 2693 δι
561 2643 643 2693 viridi
658 2643 754 2694 soet'am
766 2641 904 2694 Mavortis
917 2641 981 2692 inat

391 2712 569 2764 Procubuille
583 2712 695 2781 lupam:
718 2713 840 2781 geminos
850 2711 914 2762 huie
927 2712 980 2762 ube

391 2783 500 2834 Ludere
516 2783 664 2851 pendentes
677 2800 786 2852 pueros,
808 2785 832 2833 ἃ
847 2782 981 2832 lambere

386 2853 403 2906 J
407 2854 567 2923 inpavidos,
590 2853 666 2904 illam
680 2855 759 2905 tereti
770 2852 981 2903 cervice⁴rellexz

377 2925 516 2980 Mulcere
524 2926 660 2992 alternos,
674 2926 697 2978 δι’
713 2941 830 2995 corpora
838 2922 940 2990 hnqere
947 2922 981 2972 lir

366 2998 434 3059 Nec
441 3002 554 3081 procul
568 3003 637 3060 hine
649 3001 788 3071 Romam,
804 2991 981 3066 &raptasltn'
