2300 3600
162 398 214 455 „a
366 380 401 438 u
418 380 596 438 vinoun
613 375 803 437 trunonis
879 419 884 434 .

163 482 238 547 Qae
252 486 340 530 totam
353 476 433 532 lustu
445 474 575 530 concnffit
590 474 719 529 funditus
733 476 845 529 urbem.
908 503 913 512 ·

166 548 277 619 Regina
290 556 322 600 ut
331 547 412 605 tetlis
421 549 580 600 venientem
591 547 723 617 prospicit
733 547 852 615 hostem,
940 557 995 615 ως

167 618 264 673 lucelli
278 633 381 685 muros,
403 618 479 690 ignes
492 617 526 670 ad
540 615 613 671 resta
623 616 717 670 volare
729 639 736 685 ;

166 689 314 756 Nusquam
325 690 397 742 acies
409 691 505 742 contra
518 688 650 753 Rutulas,
666 689 743 741 nulla
752 687 867 758 agmina
877 685 990 743 Turris

170 758 275 813 luselix
290 776 392 832 pugn:
400 759 533 826 juvenem
545 761 572 811 in
582 759 829 812 certaminecredit
1005 765 1008 776 '

172 827 363 896 Exstinslum
385 832 423 894 dr,
438 830 531 882 subito
542 845 664 882 mentem
673 830 785 883 turbata
797 829 910 896 dolore,

172 903 208 954 Se
220 900 331 954 causam
343 899 444 953 clamat
454 902 612 969 crimenque
623 910 763 970 caputque
774 901 917 955 malorum
927 903 998 957 :⁶oe

169 970 323 1038 Multaque
336 971 523 1042 permoeslum
535 972 648 1024 demens
659 971 742 1025 effata
756 971 895 1038 sutorem,
1004 981 1007 994 '

172 1040 329 1112 Purpureos
343 1043 475 1108 moritura
486 1059 568 1095 manu
584 1041 714 1095 discindit
724 1041 856 1108 amictus,

174 1111 213 1166 Et
223 1112 328 1165 nodum
337 1112 463 1166 informis
473 1113 542 1166 lethi
552 1113 629 1165 trabe
643 1112 728 1165 nestit
743 1112 778 1165 ab
789 1112 859 1166 alta.

175 1183 268 1253 Quin
281 1183 391 1237 cladem
402 1183 506 1237 miserae
517 1184 661 1254 postquam
669 1183 802 1253 accepdre
810 1184 934 1253 Latinae,
990 1243 993 1250 ,

174 1254 246 1306 Filia
255 1255 344 1323 prima
353 1271 434 1308 manu
449 1253 537 1317 flavos
551 1254 667 1308 Lavinia
679 1254 780 1319 crines,
945 1257 997 1324 603

175 1325 214 1376 Et
227 1325 315 1378 roseas
325 1325 425 1379 laniata
436 1340 536 1394 genas;
560 1338 621 1378 tum
635 1335 735 1378 caetera
746 1325 856 1378 circum

174 1396 275 1448 Turba
285 1396 369 1450 surit:
392 1396 517 1450 resonant
532 1397 597 1449 latae
606 1394 787 1467 plangoribus
801 1396 892 1451 aedes.

176 1466 250 1520 Hinc
263 1478 350 1520 totum
361 1465 459 1519 infelix
470 1465 605 1537 vulgatur
612 1465 686 1519 suma
696 1482 746 1537 per
757 1467 857 1520 urbem
867 1489 877 1536 3

177 1538 338 1598 Demittunt
351 1548 455 1590 mentes
469 1558 475 1589 :
499 1537 520 1589 it
535 1535 616 1589 scissai
628 1537 700 1591 veste
713 1537 841 1605 Latinus,

177 1607 314 1678 Coniugis
323 1608 458 1661 attonitus
468 1608 532 1660 satis
545 1607 676 1677 urbisque
685 1605 774 1672 ruini,
949 1612 998 1664 610

180 1679 318 1731 Canitiem
331 1678 474 1732 immundo
485 1678 626 1748 perfusam
639 1679 755 1750 pulvere
765 1690 904 1749 turpans:

181 1748 350 1818 [Multaque
365 1749 390 1802 se
403 1749 519 1815 incusat,
540 1750 587 1818 qui
603 1767 655 1803 non
668 1748 806 1820 acceperit
819 1750 886 1805 ante

184 1820 355 1874 Dardanium
368 1823 486 1886 AEiieun,
508 1837 695 1890 generumque
708 1820 857 1874 adsciverit
869 1824 976 1894 ultriu]

216 1894 323 1944 Interea
332 1906 456 1945 extremo
470 1892 589 1944 bellator
601 1892 628 1943 in
641 1909 751 1959 aequore
761 1892 882 1945 Turnus

180 1961 441 2030 Palantessequitur
454 1980 566 2033 pauent,
585 1963 643 2027 jam
653 1963 678 2014 se
700 1963 769 2030 nior,
790 1973 878 2030 atque
951 1967 998 2035 615

179 2032 243 2100 Jarn
253 2034 343 2087 minus
351 2046 434 2101 atque
448 2036 538 2086 minus
549 2034 669 2085 succell'u
680 1980 766 2088 iaetus
777 2049 930 2102 equorum.

181 2105 290 2157 Attulit
304 2106 378 2157 hunc
392 2104 432 2156 illi
443 2106 524 2157 caecis
538 2104 688 2157 terroribus
696 2121 763 2158 aura

181 2174 375 2227 Cummixtum
385 2176 544 2238 clamorem,
565 2174 734 2243 arredlasque
747 2176 863 2246 impulit
876 2193 958 2233 aures

181 2245 312 2297 Confusa.
324 2245 402 2299 sonus
417 2246 528 2298 urbis&
543 2245 687 2298 illaetabile
701 2248 836 2299 rnuimur.

181 2316 235 2368 Hei
247 2316 331 2368 mihil
353 2317 420 2384 quid
430 2328 507 2369 tanto
518 2317 665 2368 turbantur
678 2316 779 2369 moenia
793 2315 895 2373 lustu?
952 2321 1001 2373 620

182 2386 289 2457 Qisve
300 2388 355 2439 ruit
366 2400 458 2439 tantus
471 2386 580 2439 diversi
594 2387 698 2439 clamor
707 2388 741 2439 ab
752 2387 820 2441 urbe
833 2397 842 2441 l

182 2460 226 2509 Sic
236 2457 285 2523 ait,
306 2457 488 2525 adduslisque
502 2475 595 2509 amens
611 2458 725 2511 subsistit
737 2458 866 2511 habenis.

179 2531 278 2596 Atque
292 2528 368 2594 huic,
389 2530 417 2582 in
429 2528 529 2581 satiem
540 2528 614 2581 soror
631 2540 663 2581 ut
674 2528 806 2582 conversa
819 2530 939 2585 Metisci

180 2599 309 2668 Aurigae,
331 2614 498 2666 currumque
510 2601 631 2667 &equos
643 2601 668 2652 δι
678 2599 736 2652 lora
746 2600 872 2670 regebat,

179 2670 300 2725 Talibus
313 2671 434 2722 occurrit
444 2669 542 2723 distis:
567 2670 639 2736 llic,
660 2672 767 2736 Turne,
783 2670 935 2739 sequamur
953 2674 1000 2741 625

178 2741 366 2809 Trojugcnas,
388 2739 442 2808 qui
453 2741 541 2811 prima
554 2742 629 2794 viam
642 2740 759 2795 vi&oria
772 2743 870 2811 pandit
883 2763 892 2811 3

181 2814 251 2864 Sunt
264 2811 322 2876 alii,
341 2812 387 2879 qui
400 2811 471 2863 tesia
482 2830 564 2864 manu
574 2811 722 2865 defendere
736 2811 845 2883 possint.

172 2881 287 2956 Ingruit
300 2885 406 2941 AEneas
414 2882 507 2946 italis,
531 2882 556 2935 sa
568 2883 668 2953 proelia
678 2883 772 2936 miscet
784 2905 791 2950 3

160 2955 265 3012 Etnos
278 2957 356 3013 saeva
371 2956 457 3013 mariti
467 2956 616 3009 mittamus
622 2953 722 3006 iuueta
729 2954 862 3007 Teucris.

149 3016 505 3112 Necnurneroinse'rinrP
525 3043 634 3106 pugnae
641 3024 1001 3091 utsbbuuterssebes.su

169 3108 283 3170 ''arnus
299 3111 339 3170 ad
356 3109 440 3171 liare.

922 3160 953 3210 Q
966 3158 1042 3210 istst„

994 461 1010 492 ,Ν
