2300 3600
392 359 581 418 assinos
600 361 676 416 nm.
693 360 777 417 xus
923 371 976 427 με
1038 348 1040 351 ’

145 455 173 507 0
189 453 272 521 soror,
291 455 317 508 6ι
330 453 440 509 dudum
452 455 563 525 agnovi,
580 458 644 508 cum
656 456 743 526 prima
757 445 903 525 perattem

146 527 266 579 Foedera
279 527 402 592 turbasti,
420 539 502 594 teque
515 528 575 580 haec
590 528 617 579 in
629 526 704 580 bella
716 526 828 579 dedisti:

145 596 185 650 Et
199 613 271 649 nunc
285 598 467 667 nequicquam
478 598 552 650 fallis
565 598 627 651 dea.
648 598 694 650 sed
706 598 768 666 quis
779 597 902 670 Olympo

146 667 298 721 Demilsam
312 680 402 722 tantos
414 669 506 721 voluit
519 679 547 721 te
561 669 631 721 ferre
645 669 769 722 labores?
914 671 930 719 6
935 686 948 735 3
952 683 968 735 ς

146 741 197 792 An
211 739 301 792 fratris
313 740 402 793 miseri
416 740 525 792 lethum
538 750 569 793 ut
583 740 696 794 crudele
709 740 834 793 videres?
873 748 880 762 '

145 809 220 862 Nam
230 810 297 877 quid
308 827 359 881 ago
370 819 378 864 l
390 821 442 863 'aut
450 828 511 879 quae
518 811 577 875 jam
586 811 700 880 spondet
709 811 820 864 fortuna
829 810 965 864 salutem?

145 880 213 932 Vidi
226 881 323 933 oculos
335 891 398 933 ante
411 881 468 951 ipse
481 898 557 933 meos
575 899 618 933 me
632 898 701 933 voce
714 894 861 935 vocantem

144 950 325 1017 Murranum,
345 969 400 1020 quo
413 970 467 1005 non
481 951 589 1023 superat
604 952 672 1004 mihi
685 953 774 1006 carior
784 953 865 1019 alter,

144 1023 288 1092 oppetere
299 1024 445 1093 ingentem,
453 1034 536 1091 atque
544 1023 648 1093 ingenti
658 1024 771 1077 vulnere
781 1024 902 1078 vislum.
915 1025 970 1089 640

144 1091 259 1146 Occidit
273 1093 385 1160 infelix,
400 1110 433 1146 ne
443 1094 561 1147 nostrum
570 1094 789 1147 dedecusUsens

133 1164 303 1235 ‘Aspiceret
323 1165 427 1218 Teucri
441 1164 587 1236 potiuntur
598 1181 712 1245 corpore
727 1167 753 1218 dc
764 1166 857 1220 armis.

140 1235 317 1288 Exscindine
330 1235 426 1288 domos
448 1236 490 1303 (id
504 1237 587 1288 rebus
600 1236 693 1287 deluit
706 1237 809 1306 unum)

143 1306 306 1376 Perpetiar?
330 1306 418 1360 dextst
432 1323 481 1361 nec
496 1306 613 1360 Drancis
626 1306 700 1359 dista
713 1307 856 1360 refellam?
913 1310 967 1371 644

138 1376 337 1446 Tergadabo?
351 1378 377 1429 dc
386 1380 515 1430 Turnum
526 1376 680 1447 fugientem
689 1379 749 1431 haec
758 1390 829 1431 terra
837 1377 965 1431 videbitr

139 1448 239 1515 Usque
250 1448 353 1500 adebne
364 1449 432 1500 mori
444 1447 572 1500 miserum
583 1448 636 1501 est?
651 1465 702 1501 vos
715 1448 732 1501 ὃ
742 1450 810 1514 mihi
825 1452 926 1503 Manes

138 1518 207 1571 Este
222 1518 303 1571 buni:
326 1520 456 1586 quoniam
469 1518 573 1589 superis
587 1520 681 1571 aversa
690 1520 831 1573 voluntas.

137 1587 244 1641 Sancta
257 1589 291 1641 ad
305 1606 356 1641 vos
368 1590 553 1657 anitna‘atque
567 1589 642 1641 istius
655 1590 738 1642 inscia
748 1590 793 1642 cul
816 1608 839 1643 ae
872 1593 963 1656 [rum.

136 1660 328 1725 Descendam‚
349 1676 512 1729 magnorum
527 1661 603 1714 haud
616 1678 738 1728 unquam
756 1609 885 1731 indignus
900 1677 966 1714 avu-

181 1731 238 1783 Vix
249 1747 280 1782 ea
295 1730 367 1783 satus
380 1744 455 1795 erat;
473 1733 579 1783 medios
588 1731 665 1783 volat
674 1748 737 1783 ecce
751 1749 800 1802 per
812 1732 900 1784 hostes
914 1736 928 1781 6
931 1747 967 1799 50

136 1802 251 1858 Vedius
263 1818 335 1870 equo
349 1802 503 1873 spumante,
519 1805 614 1873 Sages,
628 1803 743 1855 adversa
755 1803 855 1873 sagittis

140 1874 261 1928 Saucius
274 1890 331 1939 ora,
345 1874 456 1942 ruitque
470 1874 620 1944 implorans
633 1875 742 1927 nomine
755 1877 903 1928 Tttrnutnt

136 1947 252 2008 Turne,
267 1945 335 1997 inte
350 1944 476 2015 suprema
490 1943 578 2011 salus;
595 1945 719 1997 miserere
732 1956 857 2014 tuorum,

138 2016 287 2070 Fulminat
298 2018 402 2068 AEneas
414 2015 506 2079 armis,
521 2014 694 2082 summasque
705 2016 826 2069 minatur

138 2085 329 2153 Dejetturum
342 2101 416 2138 arces
430 2085 545 2151 Italum,
563 2087 730 2154 excidioque
743 2087 890 2139 daturum:
913 2087 928 2138 6
932 2102 946 2151 5
948 2100 965 2152 ς

135 2159 262 2226 J‘atnque
271 2157 344 2208 faces
357 2158 391 2208 ad
406 2156 478 2210 tedia
491 2157 598 2209 volant.
616 2158 681 2208 inte
694 2174 741 2209 ora
755 2156 857 2221 Latini,

139 2231 177 2284 In
191 2239 218 2281 te
231 2229 329 2280 oculos
340 2228 479 2282 referunt:
499 2227 598 2280 mussat
611 2244 661 2282 rex
676 2228 734 2298 ipse
748 2228 874 2293 Latinus,

144 2301 229 2370 Qus
242 2315 357 2368 generos
369 2311 462 2363 vocet,
481 2310 529 2351 aut
543 2317 605 2365 quae
621 2298 676 2352 sese
689 2299 723 2351 ad
738 2299 844 2352 soedera
857 2295 963 2351 fleslat.

141 2370 280 2428 Praeterea
294 2371 412 2439 Regina,
430 2370 471 2422 tui
484 2369 618 2433 fidissima,
633 2369 736 2423 dexttal
811 2379 813 2382 ’
881 2420 883 2426 .

141 2441 257 2495 Occidit
270 2440 328 2510 ipsa
342 2439 399 2504 sud,
418 2443 564 2509 lucemque
578 2442 711 2493 extenita
724 2441 808 2514 sugit.
912 2443 965 2492 660

142 2511 203 2566 Soli
217 2528 266 2581 pro
281 2511 367 2580 portis
382 2511 523 2582 Messapus
540 2514 563 2563 δι
579 2528 641 2563 acer
652 2512 753 2564 Atinas
832 2512 837 2518 ”

141 2582 299 2640 Suslentant
310 2583 414 2635 aciem:
430 2583 535 2635 circum
549 2585 599 2634 hos
611 2583 752 2651 utrimque
766 2583 920 2655 phalanges

143 2657 224 2706 Stant
238 2653 338 2718 densae,
356 2653 506 2720 studiisque
521 2653 597 2723 seges
610 2654 789 2708 mucronibus
802 2656 895 2708 horret
978 2686 988 2695 =

142 2725 244 2780 Ferrea
257 2746 264 2777 ι
282 2735 314 2776 tu
327 2740 440 2777 currum
453 2725 559 2777 deserto
573 2725 601 2777 in
614 2725 736 2794 gramine
750 2726 851 2779 versas.

179 2796 330 2865 Obstupuit
344 2795 420 2847 variis
433 2796 565 2848 confusus
579 2796 694 2866 imagine
708 2813 799 2849 rerum
916 2794 969 2860 ⁶65

141 2867 270 2930 Turnus,
287 2868 313 2920 ἃ
323 2867 426 2919 obtutu
440 2867 524 2920 tacito
539 2866 626 2920 stetit:
648 2867 742 2919 aestuat
756 2867 853 2920 inoens

142 2937 207 2996 hm
220 2935 340 2991 incorde
355 2938 454 3008 pudor,
473 2938 617 3004 mixtoque
630 2938 733 2990 insania
745 2909 837 3007 ludin,

143 3006 183 3061 Et
195 3009 286 3060 Furiis
299 3008 420 3078 agitatus
433 3023 519 3073 amor,
539 3010 564 3080 sc
578 3010 688 3062 conscia
699 3011 804 3062 uirtus.

143 3076 184 3134 vt
190 3078 316 3152 primunr
329 3078 460 3146 discussae,
470 3079 595 3212 agibrae,
608 3081 703 3139 &lux
713 3081 837 3139 reddita
844 3073 1034 3200 mffdssmes
