2300 3600
382 342 752 399 AENE1D08L13.vl1.
931 358 978 409 ιη

164 437 221 493 mc
234 436 342 507 sceptra
353 436 488 506 accipere,
509 438 534 490 dc
550 437 654 508 primos
666 436 792 490 attollere
806 435 892 489 fasces

165 509 294 579 Regibus
306 524 387 560 omen
397 510 472 561 erat:
493 508 545 560 hoc
559 507 615 560 illis
627 508 703 561 curia
716 509 864 578 templum,

166 580 218 633 Hae
233 579 315 631 sacris
329 578 405 630 sedes
416 579 522 648 epulis:
543 579 590 632 hic
603 579 686 630 ariete
699 578 771 634 caeso
932 594 981 644 ης

165 649 311 729 Perpetuis
324 648 397 701 soliti
410 662 500 719 patres
512 649 650 702 considere
662 650 769 704 mensis.

167 722 244 791 Qun
253 720 337 776 etiam
348 731 474 775 veterum
482 720 586 791 effigies
595 737 629 772 ex
640 721 734 772 ordine
744 737 861 774 avorum

167 789 296 858 Antiqua
308 806 323 842 e
337 791 434 857 cedro;
455 791 607 859 Italusque,
623 803 753 861 paterque
766 793 882 844 Sabinus

166 861 310 925 Vitisator,
324 875 439 913 curvam
452 860 560 914 servans
573 862 623 914 sub
637 862 755 931 imagine
764 862 875 928 falcem,

167 930 356 999 Saturnusque
370 931 461 997 senex,
476 933 593 1000 Janique
605 932 734 992 bifrontis
746 931 846 1003 imago,
934 936 984 986 180

167 1000 311 1056 vestibulo
324 1002 461 1069 astabam
483 1002 585 1071 aliique
598 1004 633 1055 ab
642 1003 747 1073 origine
759 1020 846 1073 reges,

168 1072 274 1127 Martia
287 1072 335 1141 qui
345 1074 381 1125 ob
394 1073 511 1143 patriam
524 1073 674 1144 pugnando
687 1074 802 1126 vulnera
815 1075 888 1145 passi.
971 1123 974 1128 .

169 1143 321 1211 Multaque
334 1156 466 1213 praeterea
479 1143 559 1197 sacris
571 1145 599 1196 in
612 1146 734 1214 postibus
745 1162 831 1210 arma,

170 1215 284 1285 Captivi
299 1214 419 1285 pendent
431 1222 538 1280 curius,
557 1230 706 1283 curvaeque
719 1216 836 1280 secures,

170 1286 206 1338 Et
220 1285 306 1338 cristae
320 1284 454 1354 capitum,
471 1285 497 1337 ἃ
511 1296 653 1355 portarum
666 1288 786 1355 ingentia
798 1286 923 1351 claustra,
937 1292 984 1355 135

171 1357 350 1426 Spiculaque,
365 1355 521 1437 clypeique,
535 1367 684 1426 ereptaque
698 1357 779 1409 rostra
788 1358 896 1417 carinis,

170 1427 233 1497 lpse
246 1426 383 1549 (Ἢίτίῃεὶί
398 1425 468 1478 htuo
482 1425 623 1496 parvisque
636 1428 746 1479 sedebat

171 1497 273 1550 Succin
304 1495 450 1562 ustrabesu
467 1497 595 1565 laevdque
606 1498 694 1550 ancile
707 1495 820 1567 geiebat

172 1568 255 1621 Picus
267 1566 373 1635 equdm
384 1567 520 1620 domitor:
538 1583 621 1635 quem
634 1580 715 1639 capta
727 1570 857 1638 cupidine
870 1568 985 1634 conjux,

171 1634 269 1691 Aure&
282 1636 534 1708 percussumvirgai,
549 1638 713 1706 versumque
724 1640 847 1705 venenis,
939 1656 988 1705 199

171 1709 250 1762 Fecit
263 1709 344 1760 avem
358 1708 449 1774 Circe,
465 1708 612 1778 sparsitque
625 1710 764 1761 coloribus
776 1711 844 1764 alas,

206 1778 274 1834 Tali
287 1778 360 1835 inuis
374 1779 480 1851 templo
492 1779 591 1833 divdm
604 1780 747 1850 patrisque
759 1781 874 1837 Latinus

172 1851 244 1905 Sede
257 1850 353 1905 sedens
362 1851 488 1904 Teucros
500 1852 535 1903 ad
548 1850 603 1903 sese
616 1851 644 1902 in
657 1850 730 1903 testa
742 1854 870 1921 vocavit;

173 1925 271 1990 Atque
284 1921 345 1974 haec
358 1920 476 1990 ingressis
489 1921 600 1990 placido
613 1921 687 1992 prior
699 1923 786 1974 edidit
799 1941 845 1975 ore
856 1947 862 1976 z

173 1991 989 2062 DiciteDardanidae‚(nequeenimnescimus&urbem,195

173 2065 211 2122 Et
224 2079 323 2144 genus,
339 2062 482 2130 auditique
495 2062 639 2116 advertitis
653 2078 762 2129 aequore
774 2065 900 2132 cursum)

173 2133 254 2206 Qid
268 2131 379 2204 petitis?
397 2150 459 2201 quae
472 2133 553 2185 causa
565 2145 647 2197 rateS,
665 2146 713 2185 aut
726 2135 807 2198 cujus
819 2152 930 2204 egentes

173 2205 256 2258 Litus
268 2203 304 2257 ad
314 2203 470 2256 Ausonium
483 2213 525 2255 tot
538 2219 588 2274 per
600 2203 671 2255 vada
684 2205 786 2256 caerula
799 2210 894 2259 vexit?

174 2275 241 2328 Sive
254 2289 343 2327 errore
356 2275 420 2339 viae,
438 2275 484 2326 seu
498 2274 705 2344 tempestatibus
718 2273 782 2339 adsi,

175 2346 297 2417 (Qualia
308 2345 397 2400 multa
410 2345 477 2396 mari
492 2358 584 2397 nautae
598 2345 741 2415 patiuntur
755 2348 781 2397 in
794 2347 866 2417 alto)
941 2360 993 2400 200

173 2415 312 2478 Fluminis
325 2414 441 2468 iotrdstis
452 2416 536 2485 ripas,
557 2428 694 2485 portuque
710 2416 807 2469 sedetis
819 2440 826 2483 3
859 2423 862 2428 '

173 2488 218 2541 Ne
232 2486 322 2557 sugite
334 2486 497 2556 hospitium,
514 2501 583 2538 neve
597 2487 719 2554 ignorare
734 2489 845 2541 Latinos

174 2558 299 2611 Satumi'
319 2568 420 2620 entem,
437 2556 512 2608 haud
525 2556 619 2608 vincio
634 2572 682 2607 nec
697 2556 805 2625 legibus
819 2561 937 2627 aequam,

174 2630 280 2698 Sponte
294 2573 342 2679 did
354 2627 508 2692 veterisque
521 2626 564 2678 dei
578 2626 604 2678 se
618 2644 692 2681 more
707 2644 854 2687 tenentem.

173 2699 273 2766 Atque
286 2697 415 2765 equidem
425 2697 535 2751 memini
549 2696 637 2766 (sama
646 2698 682 2752 esi
692 2698 833 2752 obscurior
841 2700 932 2769 annis)
943 2717 992 2767 2⁰5

173 2773 327 2823 Auruncos
340 2768 378 2819 ita
394 2767 463 2819 serre
478 2767 562 2832 senes,
580 2769 623 2820 his
635 2783 712 2829 ortus
725 2784 756 2822 ut
769 2774 841 2838 agris

174 2839 323 2895 Dardanus
333 2838 420 2890 Idaea>
431 2837 557 2907 Phrygiae
571 2837 720 2908 penetrarit
733 2841 767 2892 ad
781 2842 873 2904 urbes,

173 2909 394 2977 Threiciamque
406 2912 529 2972 Samum,
538 2916 600 2973 q'uae
612 2925 683 2961 uum
696 2912 882 2962 Samothracia
893 2911 989 2962 fertur.

175 2982 251 3037 Hinc
260 2978 343 3032 ilium
352 2980 468 3048 Corythi
477 2980 624 3047 Tyrrheni
637 2981 672 3033 ab
680 2980 745 3033 sede
753 2975 935 3054 pro'ieehum,

168 3055 273 3119 ,Aurea
281 3065 356 3113 nunc
365 3050 436 3105 sosio
446 3049 586 3108 stellantis
597 3053 680 3128 regia
689 3052 765 3108 etesi
967 3056 1033 3120 §Q

163 3126 172 3139 '
216 3132 222 3143 '
547 3127 578 3183 U
907 3117 1045 3191 heusen}
